<?xml version="1.0"?>
<OAI-PMH xmlns="http://www.openarchives.org/OAI/2.0/" xmlns:xsi="http://www.w3.org/2001/XMLSchema-instance" xsi:schemaLocation="http://www.openarchives.org/OAI/2.0/ http://www.openarchives.org/OAI/2.0/OAI-PMH.xsd">
  <responseDate>2011-08-10T13:37:24Z</responseDate>
  <request verb="ListRecords" metadataPrefix="marc21"> http://urresearch3.lib.rochester.edu/oai2.action</request>
  <ListRecords>
    <record>
      <header>
        <identifier>oai:urresearch3.rochester.edu:1</identifier>
        <datestamp>2011-03-01T17:28:35Z</datestamp>
        <setSpec>3:168:144</setSpec>
      </header>
      <metadata>
        <record xmlns="http://www.loc.gov/MARC21/slim">
          <leader>00000 am a2200000Ka 4500</leader>
          <controlfield tag="006">m        d        </controlfield>
          <controlfield tag="007">cr||||||||||||</controlfield>
          <controlfield tag="008">      s2002            s           eng  </controlfield>
          <datafield ind1="1" ind2=" " tag="100">
            <subfield code="a">Green, Isaac A.,</subfield>
            <subfield code="d">1974-</subfield>
            <subfield code="4">aut</subfield>
          </datafield>
          <datafield ind1="1" ind2="0" tag="245">
            <subfield code="a">Segmentation Propagation during a Camera Saccade</subfield>
            <subfield code="h">[electronic resource] /</subfield>
            <subfield code="c">Isaac A. Green.</subfield>
          </datafield>
          <datafield ind1=" " ind2=" " tag="260">
            <subfield code="b">University of Rochester. Computer Science Department., </subfield>
            <subfield code="c">2002.</subfield>
          </datafield>
          <datafield ind1="1" ind2=" " tag="490">
            <subfield code="a">UR CSD;</subfield>
            <subfield code="v">TR766</subfield>
          </datafield>
          <datafield ind1="3" ind2=" " tag="520">
            <subfield code="a">In this paper, we present a method for propagating segmentation information across a  saccade for a foveating camera. In particular, we take a region of interest from a wide-angle,  low-fidelity image and propagate its segmentation information to a zoomed, high-fidelity  image containing that region. Our method uses normalized greyscale templates to estimate  the change in translation and magnification required to transform the segmented region.  This process is useful for systems which detect regions of interest at low-fidelity and then  perform a saccade to provide a high-fidelity view of that region of interest. We show how  using this method increases the performance of an active object recognition system.</subfield>
          </datafield>
          <datafield ind1=" " ind2=" " tag="538">
            <subfield code="a">System requirements: PDF viewer/reader.</subfield>
          </datafield>
          <datafield ind1=" " ind2=" " tag="540">
            <subfield code="a">This item is protected by copyright, with all rights reserved.</subfield>
          </datafield>
          <datafield ind1=" " ind2=" " tag="653">
            <subfield code="a">active object recognition.</subfield>
          </datafield>
          <datafield ind1=" " ind2=" " tag="653">
            <subfield code="a">segmentation.</subfield>
          </datafield>
          <datafield ind1=" " ind2=" " tag="653">
            <subfield code="a">object tracking.</subfield>
          </datafield>
          <datafield ind1="1" ind2=" " tag="700">
            <subfield code="a">Nelson, Randal C..</subfield>
            <subfield code="4">aut</subfield>
          </datafield>
          <datafield ind1=" " ind2="0" tag="830">
            <subfield code="a">UR CSD;</subfield>
            <subfield code="v">TR766</subfield>
          </datafield>
          <datafield ind1="4" ind2="0" tag="856">
            <subfield code="u">http://hdl.handle.net/1953/26</subfield>
          </datafield>
        </record>
      </metadata>
    </record>