
    <record>
      <header>
        <identifier>oai:urresearch3.rochester.edu:4</identifier>
        <datestamp>2003-10-29T03:33:08Z</datestamp>
        <setSpec>7:143</setSpec>
      </header>
      <metadata>
        <record xmlns="http://www.loc.gov/MARC21/slim">
          <leader>00000 am a2200000Ka 4500</leader>
          <controlfield tag="006">m        d        </controlfield>
          <controlfield tag="007">cr||||||||||||</controlfield>
          <controlfield tag="008">      s2003            s           eng  </controlfield>
          <datafield ind1="1" ind2=" " tag="100">
            <subfield code="a">Coats, Nellie.</subfield>
            <subfield code="4">aut</subfield>
          </datafield>
          <datafield ind1="1" ind2="4" tag="245">
            <subfield code="a">The Brackett Family</subfield>
            <subfield code="h">[electronic resource] /</subfield>
            <subfield code="c">Nellie Coats.</subfield>
          </datafield>
          <datafield ind1=" " ind2=" " tag="260">
            <subfield code="c">2003.</subfield>
          </datafield>
          <datafield ind1="1" ind2=" " tag="490">
            <subfield code="a">Field Reports from Mt. Hope Cemetery, Rochester, NY;</subfield>
          </datafield>
          <datafield ind1=" " ind2=" " tag="500">
            <subfield code="a">Report prepared as part of the coursework required for REL 167, Speaking Stones.</subfield>
          </datafield>
          <datafield ind1="3" ind2=" " tag="520">
            <subfield code="a">Description and interpretation of the monument to James Brackett (1818-1904) and eleven members of his family.</subfield>
          </datafield>
          <datafield ind1=" " ind2=" " tag="538">
            <subfield code="a">System requirements: PDF viewer/reader.</subfield>
          </datafield>
          <datafield ind1=" " ind2=" " tag="540">
            <subfield code="a">This item is protected by copyright, with all rights reserved.</subfield>
          </datafield>
          <datafield ind1=" " ind2=" " tag="653">
            <subfield code="a">grave monument.</subfield>
          </datafield>
          <datafield ind1=" " ind2=" " tag="653">
            <subfield code="a">Victorian.</subfield>
          </datafield>
          <datafield ind1=" " ind2=" " tag="653">
            <subfield code="a">iconography.</subfield>
          </datafield>
          <datafield ind1=" " ind2=" " tag="653">
            <subfield code="a">symbolism.</subfield>
          </datafield>
          <datafield ind1=" " ind2=" " tag="653">
            <subfield code="a">death.</subfield>
          </datafield>
          <datafield ind1=" " ind2=" " tag="653">
            <subfield code="a">bereavement.</subfield>
          </datafield>
          <datafield ind1=" " ind2=" " tag="653">
            <subfield code="a">Biblical verses.</subfield>
          </datafield>
          <datafield ind1=" " ind2=" " tag="653">
            <subfield code="a">columns.</subfield>
          </datafield>
          <datafield ind1=" " ind2="0" tag="830">
            <subfield code="a">Field Reports from Mt. Hope Cemetery, Rochester, NY;</subfield>
          </datafield>
          <datafield ind1="4" ind2="0" tag="856">
            <subfield code="u">http://hdl.handle.net/1953/65</subfield>
          </datafield>
        </record>
      </metadata>
    </record>
    <record>
      <header>
        <identifier>oai:urresearch3.rochester.edu:5</identifier>
        <datestamp>2003-11-01T19:08:42Z</datestamp>
        <setSpec>15:188</setSpec>
      </header>
      <metadata>
        <record xmlns="http://www.loc.gov/MARC21/slim">
          <leader>00000 am a2200000Ka 4500</leader>
          <controlfield tag="006">m        d        </controlfield>
          <controlfield tag="007">cr||||||||||||</controlfield>
          <controlfield tag="008">      s2003            s           eng  </controlfield>
          <datafield ind1=" " ind2=" " tag="260">
            <subfield code="c">2003.</subfield>
          </datafield>
          <datafield ind1="3" ind2=" " tag="520">
            <subfield code="a">The horsedrawn ambulance is halted before the stable entrance. Attendants stand beside the vehicle.</subfield>
          </datafield>
          <datafield ind1=" " ind2=" " tag="540">
            <subfield code="a">This item is protected by copyright, with all rights reserved.</subfield>
          </datafield>
          <datafield ind1=" " ind2=" " tag="653">
            <subfield code="a">German Hospital (Philadelphia).</subfield>
          </datafield>
          <datafield ind1=" " ind2=" " tag="653">
            <subfield code="a">Hospitals (Philadelphia).</subfield>
          </datafield>
          <datafield ind1=" " ind2=" " tag="653">
            <subfield code="a">Ambulances.</subfield>
          </datafield>
          <datafield ind1="4" ind2="0" tag="856">
            <subfield code="u">http://hdl.handle.net/1953/67</subfield>
          </datafield>
        </record>
      </metadata>
    </record>
    <record>
      <header>
        <identifier>oai:urresearch3.rochester.edu:6</identifier>
        <datestamp>2003-11-01T19:22:27Z</datestamp>
        <setSpec>15:188</setSpec>
      </header>
      <metadata>
        <record xmlns="http://www.loc.gov/MARC21/slim">
          <leader>00000 am a2200000Ka 4500</leader>
          <controlfield tag="006">m        d        </controlfield>
          <controlfield tag="007">cr||||||||||||</controlfield>
          <controlfield tag="008">      s2003            s           eng  </controlfield>
          <datafield ind1=" " ind2=" " tag="260">
            <subfield code="c">2003.</subfield>
          </datafield>
          <datafield ind1="3" ind2=" " tag="520">
            <subfield code="a">In the foreground a buggy is halted on the roadway leading two three "outbuildings." Behind these structures is the rear of the principal hospital building.</subfield>
          </datafield>
          <datafield ind1=" " ind2=" " tag="540">
            <subfield code="a">This item is protected by copyright, with all rights reserved.</subfield>
          </datafield>
          <datafield ind1=" " ind2=" " tag="653">
            <subfield code="a">Hospitals (Philadelphia).</subfield>
          </datafield>
          <datafield ind1=" " ind2=" " tag="653">
            <subfield code="a">German Hospital (Philadelphia).</subfield>
          </datafield>
          <datafield ind1="4" ind2="0" tag="856">
            <subfield code="u">http://hdl.handle.net/1953/68</subfield>
          </datafield>
        </record>
      </metadata>
    </record>
    <record>
      <header>
        <identifier>oai:urresearch3.rochester.edu:7</identifier>
        <datestamp>2003-11-01T19:33:11Z</datestamp>
        <setSpec>15:188</setSpec>
      </header>
      <metadata>
        <record xmlns="http://www.loc.gov/MARC21/slim">
          <leader>00000 am a2200000Ka 4500</leader>
          <controlfield tag="006">m        d        </controlfield>
          <controlfield tag="007">cr||||||||||||</controlfield>
          <controlfield tag="008">      s2003            s           eng  </controlfield>
          <datafield ind1=" " ind2=" " tag="260">
            <subfield code="c">2003.</subfield>
          </datafield>
          <datafield ind1="3" ind2=" " tag="520">
            <subfield code="a">A view of the side of the Hospital building. A pergola and grounds workers are seen in the foreground.</subfield>
          </datafield>
          <datafield ind1=" " ind2=" " tag="540">
            <subfield code="a">This item is protected by copyright, with all rights reserved.</subfield>
          </datafield>
          <datafield ind1=" " ind2=" " tag="653">
            <subfield code="a">Hospitals (Philadelphia).</subfield>
          </datafield>
          <datafield ind1=" " ind2=" " tag="653">
            <subfield code="a">German Hospital (Philadelphia).</subfield>
          </datafield>
          <datafield ind1="4" ind2="0" tag="856">
            <subfield code="u">http://hdl.handle.net/1953/69</subfield>
          </datafield>
        </record>
      </metadata>
    </record>
    <record>
      <header>
        <identifier>oai:urresearch3.rochester.edu:8</identifier>
        <datestamp>2003-11-01T19:38:02Z</datestamp>
        <setSpec>15:188</setSpec>
      </header>
      <metadata>
        <record xmlns="http://www.loc.gov/MARC21/slim">
          <leader>00000 am a2200000Ka 4500</leader>
          <controlfield tag="006">m        d        </controlfield>
          <controlfield tag="007">cr||||||||||||</controlfield>
          <controlfield tag="008">      s2003            s           eng  </controlfield>
          <datafield ind1=" " ind2=" " tag="260">
            <subfield code="c">2003.</subfield>
          </datafield>
          <datafield ind1="3" ind2=" " tag="520">
            <subfield code="a">A frontal view of the main hospital building. A delivery wagon is halted before the entrance; a policeman and four other men stand on the corner and face the camera.</subfield>
          </datafield>
          <datafield ind1=" " ind2=" " tag="540">
            <subfield code="a">This item is protected by copyright, with all rights reserved.</subfield>
          </datafield>
          <datafield ind1=" " ind2=" " tag="653">
            <subfield code="a">Hospitals (Philadelphia).</subfield>
          </datafield>
          <datafield ind1=" " ind2=" " tag="653">
            <subfield code="a">German Hospital (Philadelphia).</subfield>
          </datafield>
          <datafield ind1="4" ind2="0" tag="856">
            <subfield code="u">http://hdl.handle.net/1953/70</subfield>
          </datafield>
        </record>
      </metadata>
    </record>
    <record>
      <header>
        <identifier>oai:urresearch3.rochester.edu:9</identifier>
        <datestamp>2003-11-01T19:42:56Z</datestamp>
        <setSpec>15:188</setSpec>
      </header>
      <metadata>
        <record xmlns="http://www.loc.gov/MARC21/slim">
          <leader>00000 am a2200000Ka 4500</leader>
          <controlfield tag="006">m        d        </controlfield>
          <controlfield tag="007">cr||||||||||||</controlfield>
          <controlfield tag="008">      s2003            s           eng  </controlfield>
          <datafield ind1=" " ind2=" " tag="260">
            <subfield code="c">2003.</subfield>
          </datafield>
          <datafield ind1="3" ind2=" " tag="520">
            <subfield code="a">A view photographed from the main hospital building across Poplar St. to the Isolating House.</subfield>
          </datafield>
          <datafield ind1=" " ind2=" " tag="540">
            <subfield code="a">This item is protected by copyright, with all rights reserved.</subfield>
          </datafield>
          <datafield ind1=" " ind2=" " tag="653">
            <subfield code="a">Hospitals (Philadelphia).</subfield>
          </datafield>
          <datafield ind1=" " ind2=" " tag="653">
            <subfield code="a">German Hospital (Philadelphia).</subfield>
          </datafield>
          <datafield ind1="4" ind2="0" tag="856">
            <subfield code="u">http://hdl.handle.net/1953/71</subfield>
          </datafield>
        </record>
      </metadata>
    </record>
    <record>
      <header>
        <identifier>oai:urresearch3.rochester.edu:10</identifier>
        <datestamp>2003-11-04T00:42:26Z</datestamp>
        <setSpec>15:188</setSpec>
      </header>
      <metadata>
        <record xmlns="http://www.loc.gov/MARC21/slim">
          <leader>00000 am a2200000Ka 4500</leader>
          <controlfield tag="006">m        d        </controlfield>
          <controlfield tag="007">cr||||||||||||</controlfield>
          <controlfield tag="008">      s2003            s           eng  </controlfield>
          <datafield ind1=" " ind2=" " tag="260">
            <subfield code="c">2003.</subfield>
          </datafield>
          <datafield ind1="3" ind2=" " tag="520">
            <subfield code="a">This image of Mens Medical ward 2 shows a double row of beds. The patients are either lying in their beds or are seated beside them. A nurse, physician and male attendant are posed in the middle of the ward.</subfield>
          </datafield>
          <datafield ind1=" " ind2=" " tag="540">
            <subfield code="a">This item is protected by copyright, with all rights reserved.</subfield>
          </datafield>
          <datafield ind1=" " ind2=" " tag="653">
            <subfield code="a">Patients' Rooms.</subfield>
          </datafield>
          <datafield ind1=" " ind2=" " tag="653">
            <subfield code="a">German Hospital (Philadelphia).</subfield>
          </datafield>
          <datafield ind1=" " ind2=" " tag="653">
            <subfield code="a">Hospitals (Philadelphia).</subfield>
          </datafield>
          <datafield ind1="4" ind2="0" tag="856">
            <subfield code="u">http://hdl.handle.net/1953/72</subfield>
          </datafield>
        </record>
      </metadata>
    </record>
    <record>
      <header>
        <identifier>oai:urresearch3.rochester.edu:11</identifier>
        <datestamp>2003-11-04T00:59:04Z</datestamp>
        <setSpec>15:188</setSpec>
      </header>
      <metadata>
        <record xmlns="http://www.loc.gov/MARC21/slim">
          <leader>00000 am a2200000Ka 4500</leader>
          <controlfield tag="006">m        d        </controlfield>
          <controlfield tag="007">cr||||||||||||</controlfield>
          <controlfield tag="008">      s2003            s           eng  </controlfield>
          <datafield ind1=" " ind2=" " tag="260">
            <subfield code="c">2003.</subfield>
          </datafield>
          <datafield ind1="3" ind2=" " tag="520">
            <subfield code="a">A. Ward was a mens' ward of at least 24 beds. The photograph was taken from the end of the ward, and shows a double row of beds in which patients either lie or sit beside. Three nurses, a physician and two male attendants are posed between the beds.</subfield>
          </datafield>
          <datafield ind1=" " ind2=" " tag="540">
            <subfield code="a">This item is protected by copyright, with all rights reserved.</subfield>
          </datafield>
          <datafield ind1=" " ind2=" " tag="653">
            <subfield code="a">Patients' Rooms.</subfield>
          </datafield>
          <datafield ind1=" " ind2=" " tag="653">
            <subfield code="a">German Hospital (Philadelphia).</subfield>
          </datafield>
          <datafield ind1=" " ind2=" " tag="653">
            <subfield code="a">Hospitals (Philadelphia).</subfield>
          </datafield>
          <datafield ind1="4" ind2="0" tag="856">
            <subfield code="u">http://hdl.handle.net/1953/73</subfield>
          </datafield>
        </record>
      </metadata>
    </record>
    <record>
      <header>
        <identifier>oai:urresearch3.rochester.edu:12</identifier>
        <datestamp>2003-11-04T01:10:05Z</datestamp>
        <setSpec>15:188</setSpec>
      </header>
      <metadata>
        <record xmlns="http://www.loc.gov/MARC21/slim">
          <leader>00000 am a2200000Ka 4500</leader>
          <controlfield tag="006">m        d        </controlfield>
          <controlfield tag="007">cr||||||||||||</controlfield>
          <controlfield tag="008">      s2003            s           eng  </controlfield>
          <datafield ind1=" " ind2=" " tag="260">
            <subfield code="c">2003.</subfield>
          </datafield>
          <datafield ind1="3" ind2=" " tag="520">
            <subfield code="a">A group photograph taken out of doors of patients ranging in age from infancy to pre-adolescence. Two nurses and several female attendants stand in the back row.</subfield>
          </datafield>
          <datafield ind1=" " ind2=" " tag="540">
            <subfield code="a">This item is protected by copyright, with all rights reserved.</subfield>
          </datafield>
          <datafield ind1=" " ind2=" " tag="653">
            <subfield code="a">Pediatrics.</subfield>
          </datafield>
          <datafield ind1=" " ind2=" " tag="653">
            <subfield code="a">Child, Hospitalized.</subfield>
          </datafield>
          <datafield ind1=" " ind2=" " tag="653">
            <subfield code="a">German Hospital (Philadelphia).</subfield>
          </datafield>
          <datafield ind1=" " ind2=" " tag="653">
            <subfield code="a">Hospitals (Philadelphia).</subfield>
          </datafield>
          <datafield ind1="4" ind2="0" tag="856">
            <subfield code="u">http://hdl.handle.net/1953/74</subfield>
          </datafield>
        </record>
      </metadata>
    </record>
    <record>
      <header>
        <identifier>oai:urresearch3.rochester.edu:13</identifier>
        <datestamp>2003-11-04T01:20:27Z</datestamp>
        <setSpec>15:188</setSpec>
      </header>
      <metadata>
        <record xmlns="http://www.loc.gov/MARC21/slim">
          <leader>00000 am a2200000Ka 4500</leader>
          <controlfield tag="006">m        d        </controlfield>
          <controlfield tag="007">cr||||||||||||</controlfield>
          <controlfield tag="008">      s2003            s           eng  </controlfield>
          <datafield ind1=" " ind2=" " tag="260">
            <subfield code="c">2003.</subfield>
          </datafield>
          <datafield ind1=" " ind2=" " tag="540">
            <subfield code="a">This item is protected by copyright, with all rights reserved.</subfield>
          </datafield>
          <datafield ind1=" " ind2=" " tag="653">
            <subfield code="a">Hospitals (Philadelphia).</subfield>
          </datafield>
          <datafield ind1=" " ind2=" " tag="653">
            <subfield code="a">German Hospital (Philadelphia).</subfield>
          </datafield>
          <datafield ind1="4" ind2="0" tag="856">
            <subfield code="u">http://hdl.handle.net/1953/75</subfield>
          </datafield>
        </record>
      </metadata>
    </record>
    <record>
      <header>
        <identifier>oai:urresearch3.rochester.edu:14</identifier>
        <datestamp>2003-11-04T01:27:14Z</datestamp>
        <setSpec>15:188</setSpec>
      </header>
      <metadata>
        <record xmlns="http://www.loc.gov/MARC21/slim">
          <leader>00000 am a2200000Ka 4500</leader>
          <controlfield tag="006">m        d        </controlfield>
          <controlfield tag="007">cr||||||||||||</controlfield>
          <controlfield tag="008">      s2003            s           eng  </controlfield>
          <datafield ind1=" " ind2=" " tag="260">
            <subfield code="c">2003.</subfield>
          </datafield>
          <datafield ind1="3" ind2=" " tag="520">
            <subfield code="a">A ground level image of the main entrance of the German Hospital, before which a "Police Patrol" wagon is halted. Several policemen are seated in the wagon, and several figures are visible in the hospital entrance.</subfield>
          </datafield>
          <datafield ind1=" " ind2=" " tag="540">
            <subfield code="a">This item is protected by copyright, with all rights reserved.</subfield>
          </datafield>
          <datafield ind1=" " ind2=" " tag="653">
            <subfield code="a">Hospitals (Philadelphia).</subfield>
          </datafield>
          <datafield ind1=" " ind2=" " tag="653">
            <subfield code="a">German Hospital (Philadelphia).</subfield>
          </datafield>
          <datafield ind1="4" ind2="0" tag="856">
            <subfield code="u">http://hdl.handle.net/1953/76</subfield>
          </datafield>
        </record>
      </metadata>
    </record>
    <record>
      <header>
        <identifier>oai:urresearch3.rochester.edu:15</identifier>
        <datestamp>2003-11-04T01:50:33Z</datestamp>
        <setSpec>15:188</setSpec>
      </header>
      <metadata>
        <record xmlns="http://www.loc.gov/MARC21/slim">
          <leader>00000 am a2200000Ka 4500</leader>
          <controlfield tag="006">m        d        </controlfield>
          <controlfield tag="007">cr||||||||||||</controlfield>
          <controlfield tag="008">      s2003            s           eng  </controlfield>
          <datafield ind1=" " ind2=" " tag="260">
            <subfield code="c">2003.</subfield>
          </datafield>
          <datafield ind1="3" ind2=" " tag="520">
            <subfield code="a">An angled view of the hospital pharmacy showing cabinets lined with bottles &amp; jars, countertops, a revolving card file, etc. A nurse is posed in a corner with pen and paper; an aproned attendant stands in a doorway.</subfield>
          </datafield>
          <datafield ind1=" " ind2=" " tag="540">
            <subfield code="a">This item is protected by copyright, with all rights reserved.</subfield>
          </datafield>
          <datafield ind1=" " ind2=" " tag="653">
            <subfield code="a">Pharmacy.</subfield>
          </datafield>
          <datafield ind1=" " ind2=" " tag="653">
            <subfield code="a">Pharmacy Service, Hospital.</subfield>
          </datafield>
          <datafield ind1=" " ind2=" " tag="653">
            <subfield code="a">German Hospital (Philadelphia).</subfield>
          </datafield>
          <datafield ind1=" " ind2=" " tag="653">
            <subfield code="a">Hospitals (Philadelphia).</subfield>
          </datafield>
          <datafield ind1=" " ind2=" " tag="653">
            <subfield code="a">Nurses.</subfield>
          </datafield>
          <datafield ind1="4" ind2="0" tag="856">
            <subfield code="u">http://hdl.handle.net/1953/77</subfield>
          </datafield>
        </record>
      </metadata>
    </record>
    <record>
      <header>
        <identifier>oai:urresearch3.rochester.edu:16</identifier>
        <datestamp>2003-11-04T02:00:07Z</datestamp>
        <setSpec>15:188</setSpec>
      </header>
      <metadata>
        <record xmlns="http://www.loc.gov/MARC21/slim">
          <leader>00000 am a2200000Ka 4500</leader>
          <controlfield tag="006">m        d        </controlfield>
          <controlfield tag="007">cr||||||||||||</controlfield>
          <controlfield tag="008">      s2003            s           eng  </controlfield>
          <datafield ind1=" " ind2=" " tag="260">
            <subfield code="c">2003.</subfield>
          </datafield>
          <datafield ind1="3" ind2=" " tag="520">
            <subfield code="a">The Laboratory appears to be a facility for the preparation of medications rather than a diagnostic or research lab. One of the glass bottles on the countertop at the center of the image is labelled "Tinctura Valeriana." At the left foreground of the image, a nurse is seated at a hand-mill. Behind her a male attendant stands at the counter where tinctures are in preparation. The Laboratory appears to be adjacent to the Dispensing Room (visible through the doorway) depicted in another photograph in this series.</subfield>
          </datafield>
          <datafield ind1=" " ind2=" " tag="540">
            <subfield code="a">This item is protected by copyright, with all rights reserved.</subfield>
          </datafield>
          <datafield ind1=" " ind2=" " tag="653">
            <subfield code="a">Nurses.</subfield>
          </datafield>
          <datafield ind1=" " ind2=" " tag="653">
            <subfield code="a">Laboratory Personnel.</subfield>
          </datafield>
          <datafield ind1=" " ind2=" " tag="653">
            <subfield code="a">Pharmacy Service, Hospital.</subfield>
          </datafield>
          <datafield ind1=" " ind2=" " tag="653">
            <subfield code="a">German Hospital (Philadelphia).</subfield>
          </datafield>
          <datafield ind1=" " ind2=" " tag="653">
            <subfield code="a">Hospitals.</subfield>
          </datafield>
          <datafield ind1=" " ind2=" " tag="653">
            <subfield code="a">Laboratories, Hospital.</subfield>
          </datafield>
          <datafield ind1="4" ind2="0" tag="856">
            <subfield code="u">http://hdl.handle.net/1953/78</subfield>
          </datafield>
        </record>
      </metadata>
    </record>
    <record>
      <header>
        <identifier>oai:urresearch3.rochester.edu:17</identifier>
        <datestamp>2003-11-04T02:06:13Z</datestamp>
        <setSpec>15:188</setSpec>
      </header>
      <metadata>
        <record xmlns="http://www.loc.gov/MARC21/slim">
          <leader>00000 am a2200000Ka 4500</leader>
          <controlfield tag="006">m        d        </controlfield>
          <controlfield tag="007">cr||||||||||||</controlfield>
          <controlfield tag="008">      s2003            s           eng  </controlfield>
          <datafield ind1=" " ind2=" " tag="260">
            <subfield code="c">2003.</subfield>
          </datafield>
          <datafield ind1="3" ind2=" " tag="520">
            <subfield code="a">One of two views of the Laboratory, this image shows the end of the room in which large glass jars of chemicals are stored in wooden cabinets. A free standing counter occupies the center foreground; a nurse is posed in the background with one hand on the neck of a bottle.</subfield>
          </datafield>
          <datafield ind1=" " ind2=" " tag="540">
            <subfield code="a">This item is protected by copyright, with all rights reserved.</subfield>
          </datafield>
          <datafield ind1=" " ind2=" " tag="653">
            <subfield code="a">Laboratories, Hospital.</subfield>
          </datafield>
          <datafield ind1=" " ind2=" " tag="653">
            <subfield code="a">Laboratory Personnel.</subfield>
          </datafield>
          <datafield ind1=" " ind2=" " tag="653">
            <subfield code="a">Pharmacy Service, Hospital.</subfield>
          </datafield>
          <datafield ind1=" " ind2=" " tag="653">
            <subfield code="a">German Hospital (Philadelphia).</subfield>
          </datafield>
          <datafield ind1=" " ind2=" " tag="653">
            <subfield code="a">Hospitals (Philadelphia).</subfield>
          </datafield>
          <datafield ind1=" " ind2=" " tag="653">
            <subfield code="a">Nurses.</subfield>
          </datafield>
          <datafield ind1="4" ind2="0" tag="856">
            <subfield code="u">http://hdl.handle.net/1953/79</subfield>
          </datafield>
        </record>
      </metadata>
    </record>
    <record>
      <header>
        <identifier>oai:urresearch3.rochester.edu:18</identifier>
        <datestamp>2003-11-04T02:12:27Z</datestamp>
        <setSpec>15:188</setSpec>
      </header>
      <metadata>
        <record xmlns="http://www.loc.gov/MARC21/slim">
          <leader>00000 am a2200000Ka 4500</leader>
          <controlfield tag="006">m        d        </controlfield>
          <controlfield tag="007">cr||||||||||||</controlfield>
          <controlfield tag="008">      s2003            s           eng  </controlfield>
          <datafield ind1=" " ind2=" " tag="260">
            <subfield code="c">2003.</subfield>
          </datafield>
          <datafield ind1="3" ind2=" " tag="520">
            <subfield code="a">Two large work tables dominate the center of this image of the hospital kitchen. Eight female workers are posed working at the tables or standing beside other equipment.</subfield>
          </datafield>
          <datafield ind1=" " ind2=" " tag="540">
            <subfield code="a">This item is protected by copyright, with all rights reserved.</subfield>
          </datafield>
          <datafield ind1=" " ind2=" " tag="653">
            <subfield code="a">Dietetics.</subfield>
          </datafield>
          <datafield ind1=" " ind2=" " tag="653">
            <subfield code="a">Food Service, Hospital.</subfield>
          </datafield>
          <datafield ind1=" " ind2=" " tag="653">
            <subfield code="a">German Hospital (Philadelphia).</subfield>
          </datafield>
          <datafield ind1=" " ind2=" " tag="653">
            <subfield code="a">Hospitals (Philadelphia).</subfield>
          </datafield>
          <datafield ind1="4" ind2="0" tag="856">
            <subfield code="u">http://hdl.handle.net/1953/80</subfield>
          </datafield>
        </record>
      </metadata>
    </record>
    <record>
      <header>
        <identifier>oai:urresearch3.rochester.edu:19</identifier>
        <datestamp>2003-11-04T02:19:06Z</datestamp>
        <setSpec>15:188</setSpec>
      </header>
      <metadata>
        <record xmlns="http://www.loc.gov/MARC21/slim">
          <leader>00000 am a2200000Ka 4500</leader>
          <controlfield tag="006">m        d        </controlfield>
          <controlfield tag="007">cr||||||||||||</controlfield>
          <controlfield tag="008">      s2003            s           eng  </controlfield>
          <datafield ind1=" " ind2=" " tag="260">
            <subfield code="c">2003.</subfield>
          </datafield>
          <datafield ind1="3" ind2=" " tag="520">
            <subfield code="a">A group portrait of seven interns and/or residents at the German Hospital.</subfield>
          </datafield>
          <datafield ind1=" " ind2=" " tag="540">
            <subfield code="a">This item is protected by copyright, with all rights reserved.</subfield>
          </datafield>
          <datafield ind1=" " ind2=" " tag="653">
            <subfield code="a">Internship and Residency.</subfield>
          </datafield>
          <datafield ind1=" " ind2=" " tag="653">
            <subfield code="a">German Hospital (Philadelphia).</subfield>
          </datafield>
          <datafield ind1=" " ind2=" " tag="653">
            <subfield code="a">Hospitals (Philadelphia).</subfield>
          </datafield>
          <datafield ind1="4" ind2="0" tag="856">
            <subfield code="u">http://hdl.handle.net/1953/81</subfield>
          </datafield>
        </record>
      </metadata>
    </record>
    <record>
      <header>
        <identifier>oai:urresearch3.rochester.edu:20</identifier>
        <datestamp>2003-11-05T20:23:35Z</datestamp>
        <setSpec>15:188</setSpec>
      </header>
      <metadata>
        <record xmlns="http://www.loc.gov/MARC21/slim">
          <leader>00000 am a2200000Ka 4500</leader>
          <controlfield tag="006">m        d        </controlfield>
          <controlfield tag="007">cr||||||||||||</controlfield>
          <controlfield tag="008">      s2003            s           eng  </controlfield>
          <datafield ind1=" " ind2=" " tag="260">
            <subfield code="c">2003.</subfield>
          </datafield>
          <datafield ind1=" " ind2=" " tag="500">
            <subfield code="a">Rear view of the hospital from 1st Ave.</subfield>
          </datafield>
          <datafield ind1=" " ind2=" " tag="540">
            <subfield code="a">This item is protected by copyright, with all rights reserved.</subfield>
          </datafield>
          <datafield ind1=" " ind2=" " tag="653">
            <subfield code="a">Hospitals (New York City).</subfield>
          </datafield>
          <datafield ind1=" " ind2=" " tag="653">
            <subfield code="a">Bellevue Hospital.</subfield>
          </datafield>
          <datafield ind1="4" ind2="0" tag="856">
            <subfield code="u">http://hdl.handle.net/1953/82</subfield>
          </datafield>
        </record>
      </metadata>
    </record>
    <record>
      <header>
        <identifier>oai:urresearch3.rochester.edu:21</identifier>
        <datestamp>2003-11-05T20:29:07Z</datestamp>
        <setSpec>15:188</setSpec>
      </header>
      <metadata>
        <record xmlns="http://www.loc.gov/MARC21/slim">
          <leader>00000 am a2200000Ka 4500</leader>
          <controlfield tag="006">m        d        </controlfield>
          <controlfield tag="007">cr||||||||||||</controlfield>
          <controlfield tag="008">      s2003            s           eng  </controlfield>
          <datafield ind1=" " ind2=" " tag="260">
            <subfield code="c">2003.</subfield>
          </datafield>
          <datafield ind1="3" ind2=" " tag="520">
            <subfield code="a">The Marquand Pavilion was erected in 1883.</subfield>
          </datafield>
          <datafield ind1=" " ind2=" " tag="540">
            <subfield code="a">This item is protected by copyright, with all rights reserved.</subfield>
          </datafield>
          <datafield ind1=" " ind2=" " tag="653">
            <subfield code="a">Hospitals (New York City).</subfield>
          </datafield>
          <datafield ind1=" " ind2=" " tag="653">
            <subfield code="a">Bellevue Hospital.</subfield>
          </datafield>
          <datafield ind1="4" ind2="0" tag="856">
            <subfield code="u">http://hdl.handle.net/1953/83</subfield>
          </datafield>
        </record>
      </metadata>
    </record>
    <record>
      <header>
        <identifier>oai:urresearch3.rochester.edu:22</identifier>
        <datestamp>2003-11-05T20:42:43Z</datestamp>
        <setSpec>15:188</setSpec>
      </header>
      <metadata>
        <record xmlns="http://www.loc.gov/MARC21/slim">
          <leader>00000 am a2200000Ka 4500</leader>
          <controlfield tag="006">m        d        </controlfield>
          <controlfield tag="007">cr||||||||||||</controlfield>
          <controlfield tag="008">      s2003            s           eng  </controlfield>
          <datafield ind1=" " ind2=" " tag="260">
            <subfield code="c">2003.</subfield>
          </datafield>
          <datafield ind1="3" ind2=" " tag="520">
            <subfield code="a">The Erysipelas Pavilion was removed from the waterfront position shown here ca. 1892-93.</subfield>
          </datafield>
          <datafield ind1=" " ind2=" " tag="540">
            <subfield code="a">This item is protected by copyright, with all rights reserved.</subfield>
          </datafield>
          <datafield ind1=" " ind2=" " tag="653">
            <subfield code="a">Hospitals (New York City).</subfield>
          </datafield>
          <datafield ind1=" " ind2=" " tag="653">
            <subfield code="a">Bellevue Hospital.</subfield>
          </datafield>
          <datafield ind1="4" ind2="0" tag="856">
            <subfield code="u">http://hdl.handle.net/1953/84</subfield>
          </datafield>
        </record>
      </metadata>
    </record>
    <record>
      <header>
        <identifier>oai:urresearch3.rochester.edu:23</identifier>
        <datestamp>2003-11-05T21:08:02Z</datestamp>
        <setSpec>15:188</setSpec>
      </header>
      <metadata>
        <record xmlns="http://www.loc.gov/MARC21/slim">
          <leader>00000 am a2200000Ka 4500</leader>
          <controlfield tag="006">m        d        </controlfield>
          <controlfield tag="007">cr||||||||||||</controlfield>
          <controlfield tag="008">      s2003            s           eng  </controlfield>
          <datafield ind1=" " ind2=" " tag="260">
            <subfield code="c">2003.</subfield>
          </datafield>
          <datafield ind1=" " ind2=" " tag="500">
            <subfield code="a">The left and center of the image are dominated by the "Bellevue College" building. On the right is an angled rear view of the "Lodge," or arched entrance to the grounds erected in 1885.</subfield>
          </datafield>
          <datafield ind1=" " ind2=" " tag="540">
            <subfield code="a">This item is protected by copyright, with all rights reserved.</subfield>
          </datafield>
          <datafield ind1=" " ind2=" " tag="653">
            <subfield code="a">Hospitals (New York City).</subfield>
          </datafield>
          <datafield ind1=" " ind2=" " tag="653">
            <subfield code="a">Bellevue Hospital.</subfield>
          </datafield>
          <datafield ind1="4" ind2="0" tag="856">
            <subfield code="u">http://hdl.handle.net/1953/85</subfield>
          </datafield>
        </record>
      </metadata>
    </record>
    <record>
      <header>
        <identifier>oai:urresearch3.rochester.edu:24</identifier>
        <datestamp>2003-11-05T21:13:14Z</datestamp>
        <setSpec>15:188</setSpec>
      </header>
      <metadata>
        <record xmlns="http://www.loc.gov/MARC21/slim">
          <leader>00000 am a2200000Ka 4500</leader>
          <controlfield tag="006">m        d        </controlfield>
          <controlfield tag="007">cr||||||||||||</controlfield>
          <controlfield tag="008">      s2003            s           eng  </controlfield>
          <datafield ind1=" " ind2=" " tag="260">
            <subfield code="c">2003.</subfield>
          </datafield>
          <datafield ind1=" " ind2=" " tag="500">
            <subfield code="a">A view of the Main Entrance or "Lodge," as it is described in another image in this series. Through the open archway of the entrance, the curved double stairway of the old administration building is visible.</subfield>
          </datafield>
          <datafield ind1=" " ind2=" " tag="540">
            <subfield code="a">This item is protected by copyright, with all rights reserved.</subfield>
          </datafield>
          <datafield ind1=" " ind2=" " tag="653">
            <subfield code="a">Hospitals (New York City).</subfield>
          </datafield>
          <datafield ind1=" " ind2=" " tag="653">
            <subfield code="a">Bellevue Hospital.</subfield>
          </datafield>
          <datafield ind1="4" ind2="0" tag="856">
            <subfield code="u">http://hdl.handle.net/1953/86</subfield>
          </datafield>
        </record>
      </metadata>
    </record>
    <record>
      <header>
        <identifier>oai:urresearch3.rochester.edu:25</identifier>
        <datestamp>2003-11-05T21:24:30Z</datestamp>
        <setSpec>15:188</setSpec>
      </header>
      <metadata>
        <record xmlns="http://www.loc.gov/MARC21/slim">
          <leader>00000 am a2200000Ka 4500</leader>
          <controlfield tag="006">m        d        </controlfield>
          <controlfield tag="007">cr||||||||||||</controlfield>
          <controlfield tag="008">      s2003            s           eng  </controlfield>
          <datafield ind1=" " ind2=" " tag="260">
            <subfield code="c">2003.</subfield>
          </datafield>
          <datafield ind1=" " ind2=" " tag="500">
            <subfield code="a">A view of the ferry Thomas S. Brennan approaching the 26th St. pier (completed in 1885). The Brennan was one of two steam-powered vessels operated by the City's Dept. of Docks on this section of the East River.</subfield>
          </datafield>
          <datafield ind1=" " ind2=" " tag="540">
            <subfield code="a">This item is protected by copyright, with all rights reserved.</subfield>
          </datafield>
          <datafield ind1=" " ind2=" " tag="653">
            <subfield code="a">Hospitals (New York City).</subfield>
          </datafield>
          <datafield ind1=" " ind2=" " tag="653">
            <subfield code="a">Bellevue Hospital.</subfield>
          </datafield>
          <datafield ind1="4" ind2="0" tag="856">
            <subfield code="u">http://hdl.handle.net/1953/87</subfield>
          </datafield>
        </record>
      </metadata>
    </record>
    <record>
      <header>
        <identifier>oai:urresearch3.rochester.edu:26</identifier>
        <datestamp>2003-11-06T19:41:29Z</datestamp>
        <setSpec>15:188</setSpec>
      </header>
      <metadata>
        <record xmlns="http://www.loc.gov/MARC21/slim">
          <leader>00000 am a2200000Ka 4500</leader>
          <controlfield tag="006">m        d        </controlfield>
          <controlfield tag="007">cr||||||||||||</controlfield>
          <controlfield tag="008">      s2003            s           eng  </controlfield>
          <datafield ind1=" " ind2=" " tag="260">
            <subfield code="c">2003.</subfield>
          </datafield>
          <datafield ind1=" " ind2=" " tag="500">
            <subfield code="a">This image was photographed from well inside the main hall looking toward the front door. Several female figures (probably not patients) are seated on chairs against the walls.</subfield>
          </datafield>
          <datafield ind1="3" ind2=" " tag="520">
            <subfield code="a">The Insane Pavilion was opened 21 June 1879. It was located on the 26th St. side of the hospital grounds.</subfield>
          </datafield>
          <datafield ind1=" " ind2=" " tag="540">
            <subfield code="a">This item is protected by copyright, with all rights reserved.</subfield>
          </datafield>
          <datafield ind1=" " ind2=" " tag="653">
            <subfield code="a">Psychiatric Department, Hospital.</subfield>
          </datafield>
          <datafield ind1=" " ind2=" " tag="653">
            <subfield code="a">Bellevue Hospital.</subfield>
          </datafield>
          <datafield ind1=" " ind2=" " tag="653">
            <subfield code="a">Hospitals (New York City).</subfield>
          </datafield>
          <datafield ind1="4" ind2="0" tag="856">
            <subfield code="u">http://hdl.handle.net/1953/88</subfield>
          </datafield>
        </record>
      </metadata>
    </record>
    <record>
      <header>
        <identifier>oai:urresearch3.rochester.edu:27</identifier>
        <datestamp>2003-11-06T19:47:39Z</datestamp>
        <setSpec>15:188</setSpec>
      </header>
      <metadata>
        <record xmlns="http://www.loc.gov/MARC21/slim">
          <leader>00000 am a2200000Ka 4500</leader>
          <controlfield tag="006">m        d        </controlfield>
          <controlfield tag="007">cr||||||||||||</controlfield>
          <controlfield tag="008">      s2003            s           eng  </controlfield>
          <datafield ind1=" " ind2=" " tag="260">
            <subfield code="c">2003.</subfield>
          </datafield>
          <datafield ind1=" " ind2=" " tag="500">
            <subfield code="a">A view from the hallway looking through the door into a patient room. The end of a bed, a section of wall, a corner of the window, and a throw rug on the floor are all that are visible.</subfield>
          </datafield>
          <datafield ind1=" " ind2=" " tag="540">
            <subfield code="a">This item is protected by copyright, with all rights reserved.</subfield>
          </datafield>
          <datafield ind1=" " ind2=" " tag="653">
            <subfield code="a">Patients' Rooms.</subfield>
          </datafield>
          <datafield ind1=" " ind2=" " tag="653">
            <subfield code="a">Psychiatric Department, Hospital.</subfield>
          </datafield>
          <datafield ind1=" " ind2=" " tag="653">
            <subfield code="a">Bellevue Hospital.</subfield>
          </datafield>
          <datafield ind1=" " ind2=" " tag="653">
            <subfield code="a">Hospitals (New York City).</subfield>
          </datafield>
          <datafield ind1="4" ind2="0" tag="856">
            <subfield code="u">http://hdl.handle.net/1953/89</subfield>
          </datafield>
        </record>
      </metadata>
    </record>
    <record>
      <header>
        <identifier>oai:urresearch3.rochester.edu:28</identifier>
        <datestamp>2003-11-06T19:57:27Z</datestamp>
        <setSpec>15:188</setSpec>
      </header>
      <metadata>
        <record xmlns="http://www.loc.gov/MARC21/slim">
          <leader>00000 am a2200000Ka 4500</leader>
          <controlfield tag="006">m        d        </controlfield>
          <controlfield tag="007">cr||||||||||||</controlfield>
          <controlfield tag="008">      s2003            s           eng  </controlfield>
          <datafield ind1=" " ind2=" " tag="260">
            <subfield code="c">2003.</subfield>
          </datafield>
          <datafield ind1=" " ind2=" " tag="500">
            <subfield code="a">The "Nurse's Room" was presumably a day room for nursing staff. In the foreground a male figure is seated (a physician?) with his back to the camera. In the center of the image, a nurse looking at the camera is seated with a cat on her lap. In the background are a wicker chaise, a table with a wash basin, etc.</subfield>
          </datafield>
          <datafield ind1=" " ind2=" " tag="540">
            <subfield code="a">This item is protected by copyright, with all rights reserved.</subfield>
          </datafield>
          <datafield ind1=" " ind2=" " tag="653">
            <subfield code="a">Nurses.</subfield>
          </datafield>
          <datafield ind1=" " ind2=" " tag="653">
            <subfield code="a">Bellevue Hospital.</subfield>
          </datafield>
          <datafield ind1=" " ind2=" " tag="653">
            <subfield code="a">Hospitals (New York City).</subfield>
          </datafield>
          <datafield ind1="4" ind2="0" tag="856">
            <subfield code="u">http://hdl.handle.net/1953/90</subfield>
          </datafield>
        </record>
      </metadata>
    </record>
    <record>
      <header>
        <identifier>oai:urresearch3.rochester.edu:29</identifier>
        <datestamp>2003-11-06T20:05:10Z</datestamp>
        <setSpec>15:188</setSpec>
      </header>
      <metadata>
        <record xmlns="http://www.loc.gov/MARC21/slim">
          <leader>00000 am a2200000Ka 4500</leader>
          <controlfield tag="006">m        d        </controlfield>
          <controlfield tag="007">cr||||||||||||</controlfield>
          <controlfield tag="008">      s2003            s           eng  </controlfield>
          <datafield ind1=" " ind2=" " tag="260">
            <subfield code="c">2003.</subfield>
          </datafield>
          <datafield ind1=" " ind2=" " tag="500">
            <subfield code="a">This image appears to be the far end of the room depicted in the "Nurse's Room" image in this series. The same table and wash basin are seen against the wall. On the right of the image, three patient beds are lined against the windows. Two beds are occupied.</subfield>
          </datafield>
          <datafield ind1=" " ind2=" " tag="540">
            <subfield code="a">This item is protected by copyright, with all rights reserved.</subfield>
          </datafield>
          <datafield ind1=" " ind2=" " tag="653">
            <subfield code="a">Patients' Rooms.</subfield>
          </datafield>
          <datafield ind1=" " ind2=" " tag="653">
            <subfield code="a">Bellevue Hospital.</subfield>
          </datafield>
          <datafield ind1=" " ind2=" " tag="653">
            <subfield code="a">Hospitals (New York City).</subfield>
          </datafield>
          <datafield ind1="4" ind2="0" tag="856">
            <subfield code="u">http://hdl.handle.net/1953/91</subfield>
          </datafield>
        </record>
      </metadata>
    </record>
    <record>
      <header>
        <identifier>oai:urresearch3.rochester.edu:30</identifier>
        <datestamp>2003-11-06T20:13:38Z</datestamp>
        <setSpec>15:188</setSpec>
      </header>
      <metadata>
        <record xmlns="http://www.loc.gov/MARC21/slim">
          <leader>00000 am a2200000Ka 4500</leader>
          <controlfield tag="006">m        d        </controlfield>
          <controlfield tag="007">cr||||||||||||</controlfield>
          <controlfield tag="008">      s2003            s           eng  </controlfield>
          <datafield ind1=" " ind2=" " tag="260">
            <subfield code="c">2003.</subfield>
          </datafield>
          <datafield ind1=" " ind2=" " tag="500">
            <subfield code="a">An angled view into this male surgical ward shows seven beds against a wall. Four patients are seated beside their beds; a fifth figure leans against the radiator in the window at the end of the room.</subfield>
          </datafield>
          <datafield ind1=" " ind2=" " tag="540">
            <subfield code="a">This item is protected by copyright, with all rights reserved.</subfield>
          </datafield>
          <datafield ind1=" " ind2=" " tag="653">
            <subfield code="a">Surgery Department, Hospital.</subfield>
          </datafield>
          <datafield ind1=" " ind2=" " tag="653">
            <subfield code="a">Patients' Rooms.</subfield>
          </datafield>
          <datafield ind1=" " ind2=" " tag="653">
            <subfield code="a">Bellevue Hospital.</subfield>
          </datafield>
          <datafield ind1=" " ind2=" " tag="653">
            <subfield code="a">Hospitals.</subfield>
          </datafield>
          <datafield ind1="4" ind2="0" tag="856">
            <subfield code="u">http://hdl.handle.net/1953/92</subfield>
          </datafield>
        </record>
      </metadata>
    </record>
    <record>
      <header>
        <identifier>oai:urresearch3.rochester.edu:31</identifier>
        <datestamp>2003-11-07T20:00:17Z</datestamp>
        <setSpec>15:188</setSpec>
      </header>
      <metadata>
        <record xmlns="http://www.loc.gov/MARC21/slim">
          <leader>00000 am a2200000Ka 4500</leader>
          <controlfield tag="006">m        d        </controlfield>
          <controlfield tag="007">cr||||||||||||</controlfield>
          <controlfield tag="008">      s2003            s           eng  </controlfield>
          <datafield ind1=" " ind2=" " tag="260">
            <subfield code="c">2003.</subfield>
          </datafield>
          <datafield ind1=" " ind2=" " tag="500">
            <subfield code="a">The Erysipelas Pavilion is photographed from the hospital grounds with the East River in the background. A three-masted steamer is moored offshore.</subfield>
          </datafield>
          <datafield ind1=" " ind2=" " tag="540">
            <subfield code="a">This item is protected by copyright, with all rights reserved.</subfield>
          </datafield>
          <datafield ind1=" " ind2=" " tag="653">
            <subfield code="a">Patient Isolation.</subfield>
          </datafield>
          <datafield ind1=" " ind2=" " tag="653">
            <subfield code="a">Bellevue Hospital.</subfield>
          </datafield>
          <datafield ind1=" " ind2=" " tag="653">
            <subfield code="a">Hospitals (New York City).</subfield>
          </datafield>
          <datafield ind1="4" ind2="0" tag="856">
            <subfield code="u">http://hdl.handle.net/1953/93</subfield>
          </datafield>
        </record>
      </metadata>
    </record>
    <record>
      <header>
        <identifier>oai:urresearch3.rochester.edu:32</identifier>
        <datestamp>2003-11-07T20:20:04Z</datestamp>
        <setSpec>15:188</setSpec>
      </header>
      <metadata>
        <record xmlns="http://www.loc.gov/MARC21/slim">
          <leader>00000 am a2200000Ka 4500</leader>
          <controlfield tag="006">m        d        </controlfield>
          <controlfield tag="007">cr||||||||||||</controlfield>
          <controlfield tag="008">      s2003            s           eng  </controlfield>
          <datafield ind1=" " ind2=" " tag="260">
            <subfield code="c">2003.</subfield>
          </datafield>
          <datafield ind1=" " ind2=" " tag="500">
            <subfield code="a">A view up E. 26th St. The Nurses Training School is the first building on the left of the image.</subfield>
          </datafield>
          <datafield ind1=" " ind2=" " tag="540">
            <subfield code="a">This item is protected by copyright, with all rights reserved.</subfield>
          </datafield>
          <datafield ind1=" " ind2=" " tag="653">
            <subfield code="a">Schools, Medical (New York City).</subfield>
          </datafield>
          <datafield ind1=" " ind2=" " tag="653">
            <subfield code="a">Schools, Nursing (New York City).</subfield>
          </datafield>
          <datafield ind1=" " ind2=" " tag="653">
            <subfield code="a">Bellevue Hospital.</subfield>
          </datafield>
          <datafield ind1=" " ind2=" " tag="653">
            <subfield code="a">Hospitals (New York City).</subfield>
          </datafield>
          <datafield ind1="4" ind2="0" tag="856">
            <subfield code="u">http://hdl.handle.net/1953/94</subfield>
          </datafield>
        </record>
      </metadata>
    </record>
    <record>
      <header>
        <identifier>oai:urresearch3.rochester.edu:33</identifier>
        <datestamp>2003-11-07T20:31:39Z</datestamp>
        <setSpec>15:188</setSpec>
      </header>
      <metadata>
        <record xmlns="http://www.loc.gov/MARC21/slim">
          <leader>00000 am a2200000Ka 4500</leader>
          <controlfield tag="006">m        d        </controlfield>
          <controlfield tag="007">cr||||||||||||</controlfield>
          <controlfield tag="008">      s2003            s           eng  </controlfield>
          <datafield ind1=" " ind2=" " tag="260">
            <subfield code="c">2003.</subfield>
          </datafield>
          <datafield ind1=" " ind2=" " tag="500">
            <subfield code="a">The image depicts rows of iron-framed bunk beds in a hall amply lit from basement windows.</subfield>
          </datafield>
          <datafield ind1="3" ind2=" " tag="520">
            <subfield code="a">"In the basement of the northeast wing, under ward 30, is the lodging house for males and females. This place is intended for such as apply for hospital care after the transfer boat to Blackwell's Island has left on its last trip for the day ... Here also are kept those unfortunates who apply to the hospital for a night's lodging." (An account of Bellevue Hospital, 1893, p. 88)</subfield>
          </datafield>
          <datafield ind1=" " ind2=" " tag="540">
            <subfield code="a">This item is protected by copyright, with all rights reserved.</subfield>
          </datafield>
          <datafield ind1=" " ind2=" " tag="653">
            <subfield code="a">Hospitals (New York City).</subfield>
          </datafield>
          <datafield ind1=" " ind2=" " tag="653">
            <subfield code="a">Bellevue Hospital.</subfield>
          </datafield>
          <datafield ind1="4" ind2="0" tag="856">
            <subfield code="u">http://hdl.handle.net/1953/95</subfield>
          </datafield>
        </record>
      </metadata>
    </record>
    <record>
      <header>
        <identifier>oai:urresearch3.rochester.edu:34</identifier>
        <datestamp>2003-11-07T20:45:15Z</datestamp>
        <setSpec>15:188</setSpec>
      </header>
      <metadata>
        <record xmlns="http://www.loc.gov/MARC21/slim">
          <leader>00000 am a2200000Ka 4500</leader>
          <controlfield tag="006">m        d        </controlfield>
          <controlfield tag="007">cr||||||||||||</controlfield>
          <controlfield tag="008">      s2003            s           eng  </controlfield>
          <datafield ind1=" " ind2=" " tag="260">
            <subfield code="c">2003.</subfield>
          </datafield>
          <datafield ind1=" " ind2=" " tag="500">
            <subfield code="a">This image shows the length of the male ward, but half of its space, i.e., one row of beds against a well-fenestrated wall. Most of the patients are seated by their beds. A nurse is posed halfway down the ward; three males figures stand at the end of room.</subfield>
          </datafield>
          <datafield ind1="3" ind2=" " tag="520">
            <subfield code="a">The Sturges Pavilion was built in 1879. "It is located on a site south of the northeast wing, in close proximity and running parallel to it. The building is of brick, one story in height, with a mansard roof. It has two wards ... The male ward takes up about two thirds of the building ..." (An Account of Bellevue Hospital, 1893, p. 88)</subfield>
          </datafield>
          <datafield ind1=" " ind2=" " tag="540">
            <subfield code="a">This item is protected by copyright, with all rights reserved.</subfield>
          </datafield>
          <datafield ind1=" " ind2=" " tag="653">
            <subfield code="a">Surgery Department, Hospital.</subfield>
          </datafield>
          <datafield ind1=" " ind2=" " tag="653">
            <subfield code="a">Patients' Rooms.</subfield>
          </datafield>
          <datafield ind1=" " ind2=" " tag="653">
            <subfield code="a">Bellevue Hospital.</subfield>
          </datafield>
          <datafield ind1=" " ind2=" " tag="653">
            <subfield code="a">Hospitals (New York City).</subfield>
          </datafield>
          <datafield ind1="4" ind2="0" tag="856">
            <subfield code="u">http://hdl.handle.net/1953/96</subfield>
          </datafield>
        </record>
      </metadata>
    </record>
    <record>
      <header>
        <identifier>oai:urresearch3.rochester.edu:35</identifier>
        <datestamp>2003-11-12T20:34:00Z</datestamp>
        <setSpec>15:188</setSpec>
      </header>
      <metadata>
        <record xmlns="http://www.loc.gov/MARC21/slim">
          <leader>00000 am a2200000Ka 4500</leader>
          <controlfield tag="006">m        d        </controlfield>
          <controlfield tag="007">cr||||||||||||</controlfield>
          <controlfield tag="008">      s2003            s           eng  </controlfield>
          <datafield ind1=" " ind2=" " tag="260">
            <subfield code="c">2003.</subfield>
          </datafield>
          <datafield ind1=" " ind2=" " tag="500">
            <subfield code="a">This "front view" depicts nurses and physicians posed on a wooden porch attached to the pavilion facing the hospital's riverfront buildings. The apparent main entrance faced 1st Ave.</subfield>
          </datafield>
          <datafield ind1="3" ind2=" " tag="520">
            <subfield code="a">The Marquand Pavilion, a one-story brick structure, was erected on the corner of E. 26th St. and 1st Ave. in 1883.</subfield>
          </datafield>
          <datafield ind1=" " ind2=" " tag="540">
            <subfield code="a">This item is protected by copyright, with all rights reserved.</subfield>
          </datafield>
          <datafield ind1=" " ind2=" " tag="653">
            <subfield code="a">Hospitals (New York City).</subfield>
          </datafield>
          <datafield ind1=" " ind2=" " tag="653">
            <subfield code="a">Bellevue Hospital.</subfield>
          </datafield>
          <datafield ind1="4" ind2="0" tag="856">
            <subfield code="u">http://hdl.handle.net/1953/97</subfield>
          </datafield>
        </record>
      </metadata>
    </record>
    <record>
      <header>
        <identifier>oai:urresearch3.rochester.edu:36</identifier>
        <datestamp>2003-11-12T20:43:09Z</datestamp>
        <setSpec>15:188</setSpec>
      </header>
      <metadata>
        <record xmlns="http://www.loc.gov/MARC21/slim">
          <leader>00000 am a2200000Ka 4500</leader>
          <controlfield tag="006">m        d        </controlfield>
          <controlfield tag="007">cr||||||||||||</controlfield>
          <controlfield tag="008">      s2003            s           eng  </controlfield>
          <datafield ind1=" " ind2=" " tag="260">
            <subfield code="c">2003.</subfield>
          </datafield>
          <datafield ind1=" " ind2=" " tag="500">
            <subfield code="a">The image shows a pediatric ward in the Marquand Pavilion, which was erected in 1883. Several children are seated on or standing by their beds. Six nurses and two physicians stand at the back of the ward. Two circular iron radiators and a large table dominate the center of the room.</subfield>
          </datafield>
          <datafield ind1=" " ind2=" " tag="540">
            <subfield code="a">This item is protected by copyright, with all rights reserved.</subfield>
          </datafield>
          <datafield ind1=" " ind2=" " tag="653">
            <subfield code="a">Pediatric Nursing.</subfield>
          </datafield>
          <datafield ind1=" " ind2=" " tag="653">
            <subfield code="a">Patients' Rooms.</subfield>
          </datafield>
          <datafield ind1=" " ind2=" " tag="653">
            <subfield code="a">Bellevue Hospital.</subfield>
          </datafield>
          <datafield ind1=" " ind2=" " tag="653">
            <subfield code="a">Hospitals (New York City).</subfield>
          </datafield>
          <datafield ind1="4" ind2="0" tag="856">
            <subfield code="u">http://hdl.handle.net/1953/98</subfield>
          </datafield>
        </record>
      </metadata>
    </record>
    <record>
      <header>
        <identifier>oai:urresearch3.rochester.edu:37</identifier>
        <datestamp>2003-11-12T21:04:15Z</datestamp>
        <setSpec>15:188</setSpec>
      </header>
      <metadata>
        <record xmlns="http://www.loc.gov/MARC21/slim">
          <leader>00000 am a2200000Ka 4500</leader>
          <controlfield tag="006">m        d        </controlfield>
          <controlfield tag="007">cr||||||||||||</controlfield>
          <controlfield tag="008">      s2003            s           eng  </controlfield>
          <datafield ind1=" " ind2=" " tag="260">
            <subfield code="c">2003.</subfield>
          </datafield>
          <datafield ind1=" " ind2=" " tag="500">
            <subfield code="a">This image was photographed into a patient room from the corridor. A female patient, wearing a long cotton gown and looking into the camera, is seated before a barred window. To her left is a hospital bed.</subfield>
          </datafield>
          <datafield ind1="3" ind2=" " tag="520">
            <subfield code="a">The Insane Pavilion at Bellevue Hospital was opened on 21 June 1879. It was located near the E. 26th St. side of the hospital grounds. The pavilion had male and female wards, and was reserved for patients undergoing evaluation. Patients diagnosed as insane were then transferred elsewhere.</subfield>
          </datafield>
          <datafield ind1=" " ind2=" " tag="540">
            <subfield code="a">This item is protected by copyright, with all rights reserved.</subfield>
          </datafield>
          <datafield ind1=" " ind2=" " tag="653">
            <subfield code="a">Psychiatric Department, Hospital.</subfield>
          </datafield>
          <datafield ind1=" " ind2=" " tag="653">
            <subfield code="a">Patients' Rooms.</subfield>
          </datafield>
          <datafield ind1=" " ind2=" " tag="653">
            <subfield code="a">Bellevue Hospital.</subfield>
          </datafield>
          <datafield ind1=" " ind2=" " tag="653">
            <subfield code="a">Hospitals (New York City).</subfield>
          </datafield>
          <datafield ind1="4" ind2="0" tag="856">
            <subfield code="u">http://hdl.handle.net/1953/99</subfield>
          </datafield>
        </record>
      </metadata>
    </record>
    <record>
      <header>
        <identifier>oai:urresearch3.rochester.edu:38</identifier>
        <datestamp>2003-11-12T21:21:40Z</datestamp>
        <setSpec>15:188</setSpec>
      </header>
      <metadata>
        <record xmlns="http://www.loc.gov/MARC21/slim">
          <leader>00000 am a2200000Ka 4500</leader>
          <controlfield tag="006">m        d        </controlfield>
          <controlfield tag="007">cr||||||||||||</controlfield>
          <controlfield tag="008">      s2003            s           eng  </controlfield>
          <datafield ind1=" " ind2=" " tag="260">
            <subfield code="c">2003.</subfield>
          </datafield>
          <datafield ind1=" " ind2=" " tag="500">
            <subfield code="a">A side view of one of the Bellevue Hospital ambulances drawn up before the old administration building. A driver is seated on the driver's box, and the attending surgeon in the back of the vehicle. The horse's head is invisible due to exposure time.</subfield>
          </datafield>
          <datafield ind1="3" ind2=" " tag="520">
            <subfield code="a">Ambulance service at Bellevue was inaugurated in June 1869, the first of its kind in the world. By 1893 Bellevue maintained a fleet of nine ambulances. Four drivers and two surgeons were attached full-time to the ambulance corps. Calls were received from the NYPD or NYFD by telephone or telegraph.</subfield>
          </datafield>
          <datafield ind1=" " ind2=" " tag="540">
            <subfield code="a">This item is protected by copyright, with all rights reserved.</subfield>
          </datafield>
          <datafield ind1=" " ind2=" " tag="653">
            <subfield code="a">Emergency Service, Hospital.</subfield>
          </datafield>
          <datafield ind1=" " ind2=" " tag="653">
            <subfield code="a">Ambulances.</subfield>
          </datafield>
          <datafield ind1=" " ind2=" " tag="653">
            <subfield code="a">Bellevue Hospital.</subfield>
          </datafield>
          <datafield ind1=" " ind2=" " tag="653">
            <subfield code="a">Hospitals (New York City).</subfield>
          </datafield>
          <datafield ind1=" " ind2=" " tag="653">
            <subfield code="a">Emergency Medical Services.</subfield>
          </datafield>
          <datafield ind1="4" ind2="0" tag="856">
            <subfield code="u">http://hdl.handle.net/1953/100</subfield>
          </datafield>
        </record>
      </metadata>
    </record>
    <record>
      <header>
        <identifier>oai:urresearch3.rochester.edu:39</identifier>
        <datestamp>2003-11-13T21:00:42Z</datestamp>
        <setSpec>15:188</setSpec>
      </header>
      <metadata>
        <record xmlns="http://www.loc.gov/MARC21/slim">
          <leader>00000 am a2200000Ka 4500</leader>
          <controlfield tag="006">m        d        </controlfield>
          <controlfield tag="007">cr||||||||||||</controlfield>
          <controlfield tag="008">      s2003            s           eng  </controlfield>
          <datafield ind1=" " ind2=" " tag="260">
            <subfield code="c">2003.</subfield>
          </datafield>
          <datafield ind1=" " ind2=" " tag="500">
            <subfield code="a">A nurse is posed at the left of the image reaching into one of a double row of large metal containers labelled "Ordinary Cotton," "Absorbent Cotton," "Adhesive Plaster," etc.</subfield>
          </datafield>
          <datafield ind1=" " ind2=" " tag="540">
            <subfield code="a">This item is protected by copyright, with all rights reserved.</subfield>
          </datafield>
          <datafield ind1=" " ind2=" " tag="653">
            <subfield code="a">Emergency Service, Hospital.</subfield>
          </datafield>
          <datafield ind1=" " ind2=" " tag="653">
            <subfield code="a">Nurses.</subfield>
          </datafield>
          <datafield ind1=" " ind2=" " tag="653">
            <subfield code="a">Bellevue Hospital.</subfield>
          </datafield>
          <datafield ind1=" " ind2=" " tag="653">
            <subfield code="a">Hospitals (New York City).</subfield>
          </datafield>
          <datafield ind1="4" ind2="0" tag="856">
            <subfield code="u">http://hdl.handle.net/1953/105</subfield>
          </datafield>
        </record>
      </metadata>
    </record>
    <record>
      <header>
        <identifier>oai:urresearch3.rochester.edu:40</identifier>
        <datestamp>2003-11-13T21:09:27Z</datestamp>
        <setSpec>15:188</setSpec>
      </header>
      <metadata>
        <record xmlns="http://www.loc.gov/MARC21/slim">
          <leader>00000 am a2200000Ka 4500</leader>
          <controlfield tag="006">m        d        </controlfield>
          <controlfield tag="007">cr||||||||||||</controlfield>
          <controlfield tag="008">      s2003            s           eng  </controlfield>
          <datafield ind1=" " ind2=" " tag="260">
            <subfield code="c">2003.</subfield>
          </datafield>
          <datafield ind1=" " ind2=" " tag="500">
            <subfield code="a">At the right foreground of the image a physician is seated looking at the child he holds in his lap. In the background three nurses are posed between three cribs, each of which holds a patient.</subfield>
          </datafield>
          <datafield ind1=" " ind2=" " tag="540">
            <subfield code="a">This item is protected by copyright, with all rights reserved.</subfield>
          </datafield>
          <datafield ind1=" " ind2=" " tag="653">
            <subfield code="a">Nurses.</subfield>
          </datafield>
          <datafield ind1=" " ind2=" " tag="653">
            <subfield code="a">Child, Hospitalized.</subfield>
          </datafield>
          <datafield ind1=" " ind2=" " tag="653">
            <subfield code="a">Patients' Rooms.</subfield>
          </datafield>
          <datafield ind1=" " ind2=" " tag="653">
            <subfield code="a">Bellevue Hospital.</subfield>
          </datafield>
          <datafield ind1=" " ind2=" " tag="653">
            <subfield code="a">Hospitals (New York City).</subfield>
          </datafield>
          <datafield ind1=" " ind2=" " tag="653">
            <subfield code="a">Pediatric Nursing.</subfield>
          </datafield>
          <datafield ind1="4" ind2="0" tag="856">
            <subfield code="u">http://hdl.handle.net/1953/106</subfield>
          </datafield>
        </record>
      </metadata>
    </record>
    <record>
      <header>
        <identifier>oai:urresearch3.rochester.edu:41</identifier>
        <datestamp>2003-11-13T21:28:07Z</datestamp>
        <setSpec>15:188</setSpec>
      </header>
      <metadata>
        <record xmlns="http://www.loc.gov/MARC21/slim">
          <leader>00000 am a2200000Ka 4500</leader>
          <controlfield tag="006">m        d        </controlfield>
          <controlfield tag="007">cr||||||||||||</controlfield>
          <controlfield tag="008">      s2003            s           eng  </controlfield>
          <datafield ind1=" " ind2=" " tag="260">
            <subfield code="c">2003.</subfield>
          </datafield>
          <datafield ind1=" " ind2=" " tag="500">
            <subfield code="a">A view of the one-story city morgue or "deadhouse" built on a pier extending into the East River. The photograph was taken from the hospital grounds toward the river. At the left of the image part of a ferry is visible as it approaches the 26th St. pier.</subfield>
          </datafield>
          <datafield ind1=" " ind2=" " tag="540">
            <subfield code="a">This item is protected by copyright, with all rights reserved.</subfield>
          </datafield>
          <datafield ind1=" " ind2=" " tag="653">
            <subfield code="a">Morgues.</subfield>
          </datafield>
          <datafield ind1=" " ind2=" " tag="653">
            <subfield code="a">Bellevue Hospital.</subfield>
          </datafield>
          <datafield ind1=" " ind2=" " tag="653">
            <subfield code="a">Hospitals (New York City).</subfield>
          </datafield>
          <datafield ind1="4" ind2="0" tag="856">
            <subfield code="u">http://hdl.handle.net/1953/107</subfield>
          </datafield>
        </record>
      </metadata>
    </record>
    <record>
      <header>
        <identifier>oai:urresearch3.rochester.edu:42</identifier>
        <datestamp>2003-11-14T20:10:39Z</datestamp>
        <setSpec>15:188</setSpec>
      </header>
      <metadata>
        <record xmlns="http://www.loc.gov/MARC21/slim">
          <leader>00000 am a2200000Ka 4500</leader>
          <controlfield tag="006">m        d        </controlfield>
          <controlfield tag="007">cr||||||||||||</controlfield>
          <controlfield tag="008">      s2003            s           eng  </controlfield>
          <datafield ind1=" " ind2=" " tag="260">
            <subfield code="c">2003.</subfield>
          </datafield>
          <datafield ind1=" " ind2=" " tag="500">
            <subfield code="a">Whether this is an image of an office or staff housing is uncertain. In the foreground is a library table, atop which are a human skull and a desk lamp connected to the gas chandelier overhead by a tube. In the corner behind the desk is a glass-fronted bookcase and a mantel, the top of which is lined with unframed mounted photographs propped against the wall.</subfield>
          </datafield>
          <datafield ind1=" " ind2=" " tag="540">
            <subfield code="a">This item is protected by copyright, with all rights reserved.</subfield>
          </datafield>
          <datafield ind1=" " ind2=" " tag="653">
            <subfield code="a">Hospitals (New York City).</subfield>
          </datafield>
          <datafield ind1=" " ind2=" " tag="653">
            <subfield code="a">Bellevue Hospital.</subfield>
          </datafield>
          <datafield ind1="4" ind2="0" tag="856">
            <subfield code="u">http://hdl.handle.net/1953/108</subfield>
          </datafield>
        </record>
      </metadata>
    </record>
    <record>
      <header>
        <identifier>oai:urresearch3.rochester.edu:43</identifier>
        <datestamp>2003-11-14T20:18:01Z</datestamp>
        <setSpec>15:188</setSpec>
      </header>
      <metadata>
        <record xmlns="http://www.loc.gov/MARC21/slim">
          <leader>00000 am a2200000Ka 4500</leader>
          <controlfield tag="006">m        d        </controlfield>
          <controlfield tag="007">cr||||||||||||</controlfield>
          <controlfield tag="008">      s2003            s           eng  </controlfield>
          <datafield ind1=" " ind2=" " tag="260">
            <subfield code="c">2003.</subfield>
          </datafield>
          <datafield ind1=" " ind2=" " tag="500">
            <subfield code="a">Nine patients are seated around a table in the center of the ward where they are eating lunch or dinner. Several nurses and a female attendant assist with serving.</subfield>
          </datafield>
          <datafield ind1=" " ind2=" " tag="540">
            <subfield code="a">This item is protected by copyright, with all rights reserved.</subfield>
          </datafield>
          <datafield ind1=" " ind2=" " tag="653">
            <subfield code="a">Food Service, Hospital.</subfield>
          </datafield>
          <datafield ind1=" " ind2=" " tag="653">
            <subfield code="a">Surgery Department, Hospital.</subfield>
          </datafield>
          <datafield ind1=" " ind2=" " tag="653">
            <subfield code="a">Patients' Rooms.</subfield>
          </datafield>
          <datafield ind1=" " ind2=" " tag="653">
            <subfield code="a">Bellevue Hospital.</subfield>
          </datafield>
          <datafield ind1=" " ind2=" " tag="653">
            <subfield code="a">Hospitals (New York City).</subfield>
          </datafield>
          <datafield ind1=" " ind2=" " tag="653">
            <subfield code="a">Nurses.</subfield>
          </datafield>
          <datafield ind1="4" ind2="0" tag="856">
            <subfield code="u">http://hdl.handle.net/1953/109</subfield>
          </datafield>
        </record>
      </metadata>
    </record>
    <record>
      <header>
        <identifier>oai:urresearch3.rochester.edu:44</identifier>
        <datestamp>2003-11-14T20:45:13Z</datestamp>
        <setSpec>15:188</setSpec>
      </header>
      <metadata>
        <record xmlns="http://www.loc.gov/MARC21/slim">
          <leader>00000 am a2200000Ka 4500</leader>
          <controlfield tag="006">m        d        </controlfield>
          <controlfield tag="007">cr||||||||||||</controlfield>
          <controlfield tag="008">      s2003            s           eng  </controlfield>
          <datafield ind1=" " ind2=" " tag="260">
            <subfield code="c">2003.</subfield>
          </datafield>
          <datafield ind1=" " ind2=" " tag="500">
            <subfield code="a">This image succeeds "Female Surgical Ward No. 1" in the Kitty Pond album. It shows the same women dining from the opposite end of the ward.</subfield>
          </datafield>
          <datafield ind1=" " ind2=" " tag="540">
            <subfield code="a">This item is protected by copyright, with all rights reserved.</subfield>
          </datafield>
          <datafield ind1=" " ind2=" " tag="653">
            <subfield code="a">Nurses.</subfield>
          </datafield>
          <datafield ind1=" " ind2=" " tag="653">
            <subfield code="a">Surgery Department, Hospital.</subfield>
          </datafield>
          <datafield ind1=" " ind2=" " tag="653">
            <subfield code="a">Food Service, Hospital.</subfield>
          </datafield>
          <datafield ind1=" " ind2=" " tag="653">
            <subfield code="a">Bellevue Hospital.</subfield>
          </datafield>
          <datafield ind1=" " ind2=" " tag="653">
            <subfield code="a">Hospitals (New York City).</subfield>
          </datafield>
          <datafield ind1=" " ind2=" " tag="653">
            <subfield code="a">Patients' Rooms.</subfield>
          </datafield>
          <datafield ind1="4" ind2="0" tag="856">
            <subfield code="u">http://hdl.handle.net/1953/110</subfield>
          </datafield>
        </record>
      </metadata>
    </record>
    <record>
      <header>
        <identifier>oai:urresearch3.rochester.edu:45</identifier>
        <datestamp>2003-11-14T20:55:14Z</datestamp>
        <setSpec>15:188</setSpec>
      </header>
      <metadata>
        <record xmlns="http://www.loc.gov/MARC21/slim">
          <leader>00000 am a2200000Ka 4500</leader>
          <controlfield tag="006">m        d        </controlfield>
          <controlfield tag="007">cr||||||||||||</controlfield>
          <controlfield tag="008">      s2003            s           eng  </controlfield>
          <datafield ind1=" " ind2=" " tag="260">
            <subfield code="c">2003.</subfield>
          </datafield>
          <datafield ind1=" " ind2=" " tag="500">
            <subfield code="a">Taken from an upper floor of the main building, this image shows the three buildings listed in the title and the East River in the background.</subfield>
          </datafield>
          <datafield ind1=" " ind2=" " tag="540">
            <subfield code="a">This item is protected by copyright, with all rights reserved.</subfield>
          </datafield>
          <datafield ind1=" " ind2=" " tag="653">
            <subfield code="a">Hospitals (New York City).</subfield>
          </datafield>
          <datafield ind1=" " ind2=" " tag="653">
            <subfield code="a">Bellevue Hospital.</subfield>
          </datafield>
          <datafield ind1="4" ind2="0" tag="856">
            <subfield code="u">http://hdl.handle.net/1953/111</subfield>
          </datafield>
        </record>
      </metadata>
    </record>
    <record>
      <header>
        <identifier>oai:urresearch3.rochester.edu:46</identifier>
        <datestamp>2003-11-14T21:03:51Z</datestamp>
        <setSpec>15:188</setSpec>
      </header>
      <metadata>
        <record xmlns="http://www.loc.gov/MARC21/slim">
          <leader>00000 am a2200000Ka 4500</leader>
          <controlfield tag="006">m        d        </controlfield>
          <controlfield tag="007">cr||||||||||||</controlfield>
          <controlfield tag="008">      s2003            s           eng  </controlfield>
          <datafield ind1=" " ind2=" " tag="260">
            <subfield code="c">2003.</subfield>
          </datafield>
          <datafield ind1=" " ind2=" " tag="500">
            <subfield code="a">The building that dominates this image, taken from an upper story of the main building, is the Insane Pavilion. Between this pavilion and the river is the Morgue, and behind it is the "Male Training School." In the upper left quadrant of the image, the 26th St. Pier extends into the East River.</subfield>
          </datafield>
          <datafield ind1=" " ind2=" " tag="540">
            <subfield code="a">This item is protected by copyright, with all rights reserved.</subfield>
          </datafield>
          <datafield ind1=" " ind2=" " tag="653">
            <subfield code="a">Hospitals (New York City).</subfield>
          </datafield>
          <datafield ind1=" " ind2=" " tag="653">
            <subfield code="a">Bellevue Hospital.</subfield>
          </datafield>
          <datafield ind1="4" ind2="0" tag="856">
            <subfield code="u">http://hdl.handle.net/1953/112</subfield>
          </datafield>
        </record>
      </metadata>
    </record>
    <record>
      <header>
        <identifier>oai:urresearch3.rochester.edu:47</identifier>
        <datestamp>2003-11-14T21:23:49Z</datestamp>
        <setSpec>15:188</setSpec>
      </header>
      <metadata>
        <record xmlns="http://www.loc.gov/MARC21/slim">
          <leader>00000 am a2200000Ka 4500</leader>
          <controlfield tag="006">m        d        </controlfield>
          <controlfield tag="007">cr||||||||||||</controlfield>
          <controlfield tag="008">      s2003            s           eng  </controlfield>
          <datafield ind1=" " ind2=" " tag="260">
            <subfield code="c">2003.</subfield>
          </datafield>
          <datafield ind1=" " ind2=" " tag="500">
            <subfield code="a">The Operating Room Head Nurse stands left-center in the image looking into the camera. To her right is an operating table, and to her left (the right of the image) is a table lined with porcelain bowls, rolls of gauze, bottles, etc. In the background is a washstand with bowel &amp; pitcher and bottles of soap or disinfectant.</subfield>
          </datafield>
          <datafield ind1="3" ind2=" " tag="520">
            <subfield code="a">The First Surgical Division was located on the hospital's main floor. Operating room head nurses remained in the ward six months; subordinate nurses were changed every two weeks.</subfield>
          </datafield>
          <datafield ind1=" " ind2=" " tag="540">
            <subfield code="a">This item is protected by copyright, with all rights reserved.</subfield>
          </datafield>
          <datafield ind1=" " ind2=" " tag="653">
            <subfield code="a">Operating Room Nursing.</subfield>
          </datafield>
          <datafield ind1=" " ind2=" " tag="653">
            <subfield code="a">Surgery Department, Hospital.</subfield>
          </datafield>
          <datafield ind1=" " ind2=" " tag="653">
            <subfield code="a">Operating Rooms.</subfield>
          </datafield>
          <datafield ind1=" " ind2=" " tag="653">
            <subfield code="a">Bellevue Hospital.</subfield>
          </datafield>
          <datafield ind1=" " ind2=" " tag="653">
            <subfield code="a">Hospitals (New York City).</subfield>
          </datafield>
          <datafield ind1=" " ind2=" " tag="653">
            <subfield code="a">Nurses.</subfield>
          </datafield>
          <datafield ind1="4" ind2="0" tag="856">
            <subfield code="u">http://hdl.handle.net/1953/113</subfield>
          </datafield>
        </record>
      </metadata>
    </record>
    <record>
      <header>
        <identifier>oai:urresearch3.rochester.edu:48</identifier>
        <datestamp>2003-11-17T18:55:36Z</datestamp>
        <setSpec>15:188</setSpec>
      </header>
      <metadata>
        <record xmlns="http://www.loc.gov/MARC21/slim">
          <leader>00000 am a2200000Ka 4500</leader>
          <controlfield tag="006">m        d        </controlfield>
          <controlfield tag="007">cr||||||||||||</controlfield>
          <controlfield tag="008">      s2003            s           eng  </controlfield>
          <datafield ind1=" " ind2=" " tag="260">
            <subfield code="c">2003.</subfield>
          </datafield>
          <datafield ind1=" " ind2=" " tag="500">
            <subfield code="a">The male patient is tied with cords to the iron frame of the bed on which he lies. The head and hands of a male figure (physician?) are visible at the foot of the bed.</subfield>
          </datafield>
          <datafield ind1="3" ind2=" " tag="520">
            <subfield code="a">The full title written on the card on which this print is mounted reads: "Case of Hydrophobia, a few hours before death - Admitted to Bell. Hosp't. July 1890. Frenchman, Age 25 - Bitten by rabid dog 4 weeks before admission. Lived 12 hours after admission. Case rare &amp; typical.</subfield>
          </datafield>
          <datafield ind1=" " ind2=" " tag="540">
            <subfield code="a">This item is protected by copyright, with all rights reserved.</subfield>
          </datafield>
          <datafield ind1=" " ind2=" " tag="653">
            <subfield code="a">Rabies.</subfield>
          </datafield>
          <datafield ind1=" " ind2=" " tag="653">
            <subfield code="a">Bellevue Hospital.</subfield>
          </datafield>
          <datafield ind1=" " ind2=" " tag="653">
            <subfield code="a">Hospitals (New York City).</subfield>
          </datafield>
          <datafield ind1="4" ind2="0" tag="856">
            <subfield code="u">http://hdl.handle.net/1953/114</subfield>
          </datafield>
        </record>
      </metadata>
    </record>
    <record>
      <header>
        <identifier>oai:urresearch3.rochester.edu:49</identifier>
        <datestamp>2003-11-17T19:02:09Z</datestamp>
        <setSpec>15:188</setSpec>
      </header>
      <metadata>
        <record xmlns="http://www.loc.gov/MARC21/slim">
          <leader>00000 am a2200000Ka 4500</leader>
          <controlfield tag="006">m        d        </controlfield>
          <controlfield tag="007">cr||||||||||||</controlfield>
          <controlfield tag="008">      s2003            s           eng  </controlfield>
          <datafield ind1=" " ind2=" " tag="260">
            <subfield code="c">2003.</subfield>
          </datafield>
          <datafield ind1=" " ind2=" " tag="500">
            <subfield code="a">In this view of the house staff dining room, thirteen young male physicians are seated at a long table.</subfield>
          </datafield>
          <datafield ind1=" " ind2=" " tag="540">
            <subfield code="a">This item is protected by copyright, with all rights reserved.</subfield>
          </datafield>
          <datafield ind1=" " ind2=" " tag="653">
            <subfield code="a">Food Service, Hospital.</subfield>
          </datafield>
          <datafield ind1=" " ind2=" " tag="653">
            <subfield code="a">Internship and Residency.</subfield>
          </datafield>
          <datafield ind1=" " ind2=" " tag="653">
            <subfield code="a">Bellevue Hospital.</subfield>
          </datafield>
          <datafield ind1=" " ind2=" " tag="653">
            <subfield code="a">Hospitals (New York City).</subfield>
          </datafield>
          <datafield ind1="4" ind2="0" tag="856">
            <subfield code="u">http://hdl.handle.net/1953/115</subfield>
          </datafield>
        </record>
      </metadata>
    </record>
    <record>
      <header>
        <identifier>oai:urresearch3.rochester.edu:50</identifier>
        <datestamp>2003-11-17T19:09:25Z</datestamp>
        <setSpec>15:188</setSpec>
      </header>
      <metadata>
        <record xmlns="http://www.loc.gov/MARC21/slim">
          <leader>00000 am a2200000Ka 4500</leader>
          <controlfield tag="006">m        d        </controlfield>
          <controlfield tag="007">cr||||||||||||</controlfield>
          <controlfield tag="008">      s2003            s           eng  </controlfield>
          <datafield ind1=" " ind2=" " tag="260">
            <subfield code="c">2003.</subfield>
          </datafield>
          <datafield ind1=" " ind2=" " tag="500">
            <subfield code="a">This untitled photograph follows the print entitled "Bell. Hosp't. House Staff at Lunch" in the Kitty Pond album. Eleven physicians are seated at table, at least two of whom were not in the previous image.</subfield>
          </datafield>
          <datafield ind1=" " ind2=" " tag="540">
            <subfield code="a">This item is protected by copyright, with all rights reserved.</subfield>
          </datafield>
          <datafield ind1=" " ind2=" " tag="653">
            <subfield code="a">Food Service, Hospital.</subfield>
          </datafield>
          <datafield ind1=" " ind2=" " tag="653">
            <subfield code="a">Internship and Residency.</subfield>
          </datafield>
          <datafield ind1=" " ind2=" " tag="653">
            <subfield code="a">Bellevue Hospital.</subfield>
          </datafield>
          <datafield ind1=" " ind2=" " tag="653">
            <subfield code="a">Hospitals (New York City).</subfield>
          </datafield>
          <datafield ind1="4" ind2="0" tag="856">
            <subfield code="u">http://hdl.handle.net/1953/116</subfield>
          </datafield>
        </record>
      </metadata>
    </record>
    <record>
      <header>
        <identifier>oai:urresearch3.rochester.edu:51</identifier>
        <datestamp>2003-11-17T19:31:23Z</datestamp>
        <setSpec>15:188</setSpec>
      </header>
      <metadata>
        <record xmlns="http://www.loc.gov/MARC21/slim">
          <leader>00000 am a2200000Ka 4500</leader>
          <controlfield tag="006">m        d        </controlfield>
          <controlfield tag="007">cr||||||||||||</controlfield>
          <controlfield tag="008">      s2003            s           eng  </controlfield>
          <datafield ind1=" " ind2=" " tag="260">
            <subfield code="c">2003.</subfield>
          </datafield>
          <datafield ind1=" " ind2=" " tag="500">
            <subfield code="a">Two surgeons and three nurses surround the table on which a child patient is lying. The child's legs and deformity are plainly visible. At the head of the table, a physician anesthesizes the patient; at the foot of the table, the head nurse holds the child's right leg in one hand and a surgical knife in the other. The other surgeon, holding a knife, stands opposite her at the table. The operating room and head nurse are the same as depicted in the image entitled "Operating Room. Ward No. 1. Surgical Div. No. 1" in this series.</subfield>
          </datafield>
          <datafield ind1=" " ind2=" " tag="540">
            <subfield code="a">This item is protected by copyright, with all rights reserved.</subfield>
          </datafield>
          <datafield ind1=" " ind2=" " tag="653">
            <subfield code="a">Hospitals (New York City).</subfield>
          </datafield>
          <datafield ind1=" " ind2=" " tag="653">
            <subfield code="a">Nurses.</subfield>
          </datafield>
          <datafield ind1=" " ind2=" " tag="653">
            <subfield code="a">Operating Rooms.</subfield>
          </datafield>
          <datafield ind1=" " ind2=" " tag="653">
            <subfield code="a">Operating Room Nursing.</subfield>
          </datafield>
          <datafield ind1=" " ind2=" " tag="653">
            <subfield code="a">Surgery Department, Hospital.</subfield>
          </datafield>
          <datafield ind1=" " ind2=" " tag="653">
            <subfield code="a">Bellevue Hospital.</subfield>
          </datafield>
          <datafield ind1=" " ind2=" " tag="653">
            <subfield code="a">Lower Extremity Deformities, Congenital.</subfield>
          </datafield>
          <datafield ind1="4" ind2="0" tag="856">
            <subfield code="u">http://hdl.handle.net/1953/117</subfield>
          </datafield>
        </record>
      </metadata>
    </record>
    <record>
      <header>
        <identifier>oai:urresearch3.rochester.edu:52</identifier>
        <datestamp>2003-11-17T19:47:36Z</datestamp>
        <setSpec>15:188</setSpec>
      </header>
      <metadata>
        <record xmlns="http://www.loc.gov/MARC21/slim">
          <leader>00000 am a2200000Ka 4500</leader>
          <controlfield tag="006">m        d        </controlfield>
          <controlfield tag="007">cr||||||||||||</controlfield>
          <controlfield tag="008">      s2003            s           eng  </controlfield>
          <datafield ind1=" " ind2=" " tag="260">
            <subfield code="c">2003.</subfield>
          </datafield>
          <datafield ind1=" " ind2=" " tag="500">
            <subfield code="a">An interior view of the hospital's main hall looking toward the front entrance.</subfield>
          </datafield>
          <datafield ind1=" " ind2=" " tag="540">
            <subfield code="a">This item is protected by copyright, with all rights reserved.</subfield>
          </datafield>
          <datafield ind1=" " ind2=" " tag="653">
            <subfield code="a">Hospitals (New York City).</subfield>
          </datafield>
          <datafield ind1=" " ind2=" " tag="653">
            <subfield code="a">Bellevue Hospital.</subfield>
          </datafield>
          <datafield ind1="4" ind2="0" tag="856">
            <subfield code="u">http://hdl.handle.net/1953/118</subfield>
          </datafield>
        </record>
      </metadata>
    </record>
    <record>
      <header>
        <identifier>oai:urresearch3.rochester.edu:53</identifier>
        <datestamp>2003-11-17T19:56:19Z</datestamp>
        <setSpec>15:188</setSpec>
      </header>
      <metadata>
        <record xmlns="http://www.loc.gov/MARC21/slim">
          <leader>00000 am a2200000Ka 4500</leader>
          <controlfield tag="006">m        d        </controlfield>
          <controlfield tag="007">cr||||||||||||</controlfield>
          <controlfield tag="008">      s2003            s           eng  </controlfield>
          <datafield ind1=" " ind2=" " tag="260">
            <subfield code="c">2003.</subfield>
          </datafield>
          <datafield ind1=" " ind2=" " tag="500">
            <subfield code="a">At the left of the image, part of a long table with chairs is visible. On the back wall two oil portraits flank a large marble slab incised with the names of physicians who "Died in the Discharge of Duty."</subfield>
          </datafield>
          <datafield ind1="3" ind2=" " tag="520">
            <subfield code="a">"The Medical Board consists of three consulting physicians and three consulting surgeons, and a staff of twenty-seven visiting officers." (An account of Bellevue Hospital, New York, 1893, p. 100)</subfield>
          </datafield>
          <datafield ind1=" " ind2=" " tag="540">
            <subfield code="a">This item is protected by copyright, with all rights reserved.</subfield>
          </datafield>
          <datafield ind1=" " ind2=" " tag="653">
            <subfield code="a">Hospitals (New York City).</subfield>
          </datafield>
          <datafield ind1=" " ind2=" " tag="653">
            <subfield code="a">Bellevue Hospital.</subfield>
          </datafield>
          <datafield ind1="4" ind2="0" tag="856">
            <subfield code="u">http://hdl.handle.net/1953/119</subfield>
          </datafield>
        </record>
      </metadata>
    </record>
    <record>
      <header>
        <identifier>oai:urresearch3.rochester.edu:54</identifier>
        <datestamp>2003-11-17T20:05:46Z</datestamp>
        <setSpec>15:188</setSpec>
      </header>
      <metadata>
        <record xmlns="http://www.loc.gov/MARC21/slim">
          <leader>00000 am a2200000Ka 4500</leader>
          <controlfield tag="006">m        d        </controlfield>
          <controlfield tag="007">cr||||||||||||</controlfield>
          <controlfield tag="008">      s2003            s           eng  </controlfield>
          <datafield ind1=" " ind2=" " tag="260">
            <subfield code="c">2003.</subfield>
          </datafield>
          <datafield ind1=" " ind2=" " tag="500">
            <subfield code="a">In the foreground part of a long wooden table with chairs is visible. Against the wall on the left of the image is a cabinet consisting of three double-door, glass-front exhibit cases in which surgical instruments are displayed. On the right is a marble fireplace. Above the mantel is a large stone slab "In Memoriam James Rushmore Wood, M.D. L.L.D. ... [etc.]"</subfield>
          </datafield>
          <datafield ind1="3" ind2=" " tag="520">
            <subfield code="a">This photograph follows the image entitled "Medical Board's &amp; Reception Room" in the Kitty Pond album.</subfield>
          </datafield>
          <datafield ind1=" " ind2=" " tag="540">
            <subfield code="a">This item is protected by copyright, with all rights reserved.</subfield>
          </datafield>
          <datafield ind1=" " ind2=" " tag="653">
            <subfield code="a">Hospitals (New York City).</subfield>
          </datafield>
          <datafield ind1=" " ind2=" " tag="653">
            <subfield code="a">Bellevue Hospital.</subfield>
          </datafield>
          <datafield ind1="4" ind2="0" tag="856">
            <subfield code="u">http://hdl.handle.net/1953/120</subfield>
          </datafield>
        </record>
      </metadata>
    </record>
    <record>
      <header>
        <identifier>oai:urresearch3.rochester.edu:55</identifier>
        <datestamp>2003-11-17T20:17:57Z</datestamp>
        <setSpec>15:188</setSpec>
      </header>
      <metadata>
        <record xmlns="http://www.loc.gov/MARC21/slim">
          <leader>00000 am a2200000Ka 4500</leader>
          <controlfield tag="006">m        d        </controlfield>
          <controlfield tag="007">cr||||||||||||</controlfield>
          <controlfield tag="008">      s2003            s           eng  </controlfield>
          <datafield ind1=" " ind2=" " tag="260">
            <subfield code="c">2003.</subfield>
          </datafield>
          <datafield ind1=" " ind2=" " tag="500">
            <subfield code="a">The foreground is dominated by a wall of steel bars that seals the prisoners' ward. At the right of the image, a mustachioed (and slightly out of focus) policeman in NYPD tunic and helmet looks into the camera. Behind the bars a row of beds and patients are visible. A physician stands at the foot of one bed looking toward the camera.</subfield>
          </datafield>
          <datafield ind1=" " ind2=" " tag="540">
            <subfield code="a">This item is protected by copyright, with all rights reserved.</subfield>
          </datafield>
          <datafield ind1=" " ind2=" " tag="653">
            <subfield code="a">Prisoners.</subfield>
          </datafield>
          <datafield ind1=" " ind2=" " tag="653">
            <subfield code="a">Patients' Rooms.</subfield>
          </datafield>
          <datafield ind1=" " ind2=" " tag="653">
            <subfield code="a">Bellevue Hospital.</subfield>
          </datafield>
          <datafield ind1=" " ind2=" " tag="653">
            <subfield code="a">Hospitals (New York City).</subfield>
          </datafield>
          <datafield ind1="4" ind2="0" tag="856">
            <subfield code="u">http://hdl.handle.net/1953/121</subfield>
          </datafield>
        </record>
      </metadata>
    </record>
    <record>
      <header>
        <identifier>oai:urresearch3.rochester.edu:56</identifier>
        <datestamp>2003-11-17T20:27:30Z</datestamp>
        <setSpec>15:188</setSpec>
      </header>
      <metadata>
        <record xmlns="http://www.loc.gov/MARC21/slim">
          <leader>00000 am a2200000Ka 4500</leader>
          <controlfield tag="006">m        d        </controlfield>
          <controlfield tag="007">cr||||||||||||</controlfield>
          <controlfield tag="008">      s2003            s           eng  </controlfield>
          <datafield ind1=" " ind2=" " tag="260">
            <subfield code="c">2003.</subfield>
          </datafield>
          <datafield ind1=" " ind2=" " tag="500">
            <subfield code="a">Half a dozen physicians are seated at library tables covered with books and journals. On the right of the image, window openings and floor to ceiling book cases are visible; on the left is the double-doored entrance to the library.</subfield>
          </datafield>
          <datafield ind1=" " ind2=" " tag="540">
            <subfield code="a">This item is protected by copyright, with all rights reserved.</subfield>
          </datafield>
          <datafield ind1=" " ind2=" " tag="653">
            <subfield code="a">Libraries, Medical.</subfield>
          </datafield>
          <datafield ind1=" " ind2=" " tag="653">
            <subfield code="a">Libraries, Hospital.</subfield>
          </datafield>
          <datafield ind1=" " ind2=" " tag="653">
            <subfield code="a">Bellevue Hospital.</subfield>
          </datafield>
          <datafield ind1=" " ind2=" " tag="653">
            <subfield code="a">Hospitals.</subfield>
          </datafield>
          <datafield ind1="4" ind2="0" tag="856">
            <subfield code="u">http://hdl.handle.net/1953/122</subfield>
          </datafield>
        </record>
      </metadata>
    </record>
    <record>
      <header>
        <identifier>oai:urresearch3.rochester.edu:57</identifier>
        <datestamp>2003-11-17T20:48:37Z</datestamp>
        <setSpec>15:188</setSpec>
      </header>
      <metadata>
        <record xmlns="http://www.loc.gov/MARC21/slim">
          <leader>00000 am a2200000Ka 4500</leader>
          <controlfield tag="006">m        d        </controlfield>
          <controlfield tag="007">cr||||||||||||</controlfield>
          <controlfield tag="008">      s2003            s           eng  </controlfield>
          <datafield ind1=" " ind2=" " tag="260">
            <subfield code="c">2003.</subfield>
          </datafield>
          <datafield ind1=" " ind2=" " tag="500">
            <subfield code="a">The image depicts the altar from the center aisle.</subfield>
          </datafield>
          <datafield ind1="3" ind2=" " tag="520">
            <subfield code="a">The Christ the Consolor chapel was located on the third floor of a building erected in 1889 on the west of the main building. It was 43 feet long by 21 feet wide and accomodated one hundred persons.</subfield>
          </datafield>
          <datafield ind1=" " ind2=" " tag="540">
            <subfield code="a">This item is protected by copyright, with all rights reserved.</subfield>
          </datafield>
          <datafield ind1=" " ind2=" " tag="653">
            <subfield code="a">Hospitals (New York City).</subfield>
          </datafield>
          <datafield ind1=" " ind2=" " tag="653">
            <subfield code="a">Bellevue Hospital.</subfield>
          </datafield>
          <datafield ind1="4" ind2="0" tag="856">
            <subfield code="u">http://hdl.handle.net/1953/123</subfield>
          </datafield>
        </record>
      </metadata>
    </record>
    <record>
      <header>
        <identifier>oai:urresearch3.rochester.edu:58</identifier>
        <datestamp>2003-11-17T21:00:06Z</datestamp>
        <setSpec>15:188</setSpec>
      </header>
      <metadata>
        <record xmlns="http://www.loc.gov/MARC21/slim">
          <leader>00000 am a2200000Ka 4500</leader>
          <controlfield tag="006">m        d        </controlfield>
          <controlfield tag="007">cr||||||||||||</controlfield>
          <controlfield tag="008">      s2003            s           eng  </controlfield>
          <datafield ind1=" " ind2=" " tag="260">
            <subfield code="c">2003.</subfield>
          </datafield>
          <datafield ind1=" " ind2=" " tag="500">
            <subfield code="a">In an interesting display of receding perspective, four physicians stand behind the third of three autopsy tables visible in this image. One physician incises the upper abdomen of a male cadaver while his colleagues (one of whom appears to have a cigarette dangling from his lips) watch.</subfield>
          </datafield>
          <datafield ind1=" " ind2=" " tag="540">
            <subfield code="a">This item is protected by copyright, with all rights reserved.</subfield>
          </datafield>
          <datafield ind1=" " ind2=" " tag="653">
            <subfield code="a">Pathology Department, Hospital.</subfield>
          </datafield>
          <datafield ind1=" " ind2=" " tag="653">
            <subfield code="a">Autopsy.</subfield>
          </datafield>
          <datafield ind1=" " ind2=" " tag="653">
            <subfield code="a">Bellevue Hospital.</subfield>
          </datafield>
          <datafield ind1=" " ind2=" " tag="653">
            <subfield code="a">Hospitals (New York City).</subfield>
          </datafield>
          <datafield ind1="4" ind2="0" tag="856">
            <subfield code="u">http://hdl.handle.net/1953/124</subfield>
          </datafield>
        </record>
      </metadata>
    </record>
    <record>
      <header>
        <identifier>oai:urresearch3.rochester.edu:59</identifier>
        <datestamp>2003-11-17T21:05:54Z</datestamp>
        <setSpec>15:188</setSpec>
      </header>
      <metadata>
        <record xmlns="http://www.loc.gov/MARC21/slim">
          <leader>00000 am a2200000Ka 4500</leader>
          <controlfield tag="006">m        d        </controlfield>
          <controlfield tag="007">cr||||||||||||</controlfield>
          <controlfield tag="008">      s2003            s           eng  </controlfield>
          <datafield ind1=" " ind2=" " tag="260">
            <subfield code="c">2003.</subfield>
          </datafield>
          <datafield ind1=" " ind2=" " tag="500">
            <subfield code="a">Twenty young male physicians are posed on one of the wings of the double staircase that led into the hospital's main building.</subfield>
          </datafield>
          <datafield ind1=" " ind2=" " tag="540">
            <subfield code="a">This item is protected by copyright, with all rights reserved.</subfield>
          </datafield>
          <datafield ind1=" " ind2=" " tag="653">
            <subfield code="a">Internship and Residency.</subfield>
          </datafield>
          <datafield ind1=" " ind2=" " tag="653">
            <subfield code="a">Bellevue Hospital.</subfield>
          </datafield>
          <datafield ind1=" " ind2=" " tag="653">
            <subfield code="a">Hospitals.</subfield>
          </datafield>
          <datafield ind1="4" ind2="0" tag="856">
            <subfield code="u">http://hdl.handle.net/1953/125</subfield>
          </datafield>
        </record>
      </metadata>
    </record>
    <record>
      <header>
        <identifier>oai:urresearch3.rochester.edu:60</identifier>
        <datestamp>2003-11-21T21:12:45Z</datestamp>
        <setSpec>15:188</setSpec>
      </header>
      <metadata>
        <record xmlns="http://www.loc.gov/MARC21/slim">
          <leader>00000 am a2200000Ka 4500</leader>
          <controlfield tag="006">m        d        </controlfield>
          <controlfield tag="007">cr||||||||||||</controlfield>
          <controlfield tag="008">      s2003            s           eng  </controlfield>
          <datafield ind1=" " ind2=" " tag="260">
            <subfield code="c">2003.</subfield>
          </datafield>
          <datafield ind1=" " ind2=" " tag="500">
            <subfield code="a">An angled view of the facade. The pavement on 15th St. appears to have been pulled up, and the lot next to the hospital cleared for excavation. A carriage is drawn up in front of the building.</subfield>
          </datafield>
          <datafield ind1="3" ind2=" " tag="520">
            <subfield code="a">The second New York Hospital building, on 15th St., was opened in March 1877.</subfield>
          </datafield>
          <datafield ind1=" " ind2=" " tag="540">
            <subfield code="a">This item is protected by copyright, with all rights reserved.</subfield>
          </datafield>
          <datafield ind1=" " ind2=" " tag="653">
            <subfield code="a">Hospitals (New York City).</subfield>
          </datafield>
          <datafield ind1=" " ind2=" " tag="653">
            <subfield code="a">New York Hospital.</subfield>
          </datafield>
          <datafield ind1="4" ind2="0" tag="856">
            <subfield code="u">http://hdl.handle.net/1953/127</subfield>
          </datafield>
        </record>
      </metadata>
    </record>
    <record>
      <header>
        <identifier>oai:urresearch3.rochester.edu:61</identifier>
        <datestamp>2003-11-21T21:27:03Z</datestamp>
        <setSpec>15:188</setSpec>
      </header>
      <metadata>
        <record xmlns="http://www.loc.gov/MARC21/slim">
          <leader>00000 am a2200000Ka 4500</leader>
          <controlfield tag="006">m        d        </controlfield>
          <controlfield tag="007">cr||||||||||||</controlfield>
          <controlfield tag="008">      s2003            s           eng  </controlfield>
          <datafield ind1=" " ind2=" " tag="260">
            <subfield code="c">2003.</subfield>
          </datafield>
          <datafield ind1=" " ind2=" " tag="500">
            <subfield code="a">The center left of this view of the Board Room is dominated by a large conference table, behind which is a row of massive leather chairs. The marble fireplace and framed charter are plainly visible in the background.</subfield>
          </datafield>
          <datafield ind1="3" ind2=" " tag="520">
            <subfield code="a">"The Board Room was large and finished in East India figured mahogany ... The fireplace was made with facing panels of serpentine marble, into one of which was inlaid a small bronze cup containing ... the original royal seal attached to the Charter; framed in three glass panels over the mantlepiece was the Charter itself, and around the walls were portraits of the previous presidents ... At the side stood a table made from one of the elm trees on the Old Hospital grounds" (Larrabee, E. The benevolent and necessary institution. New York, 1971, p. 244)</subfield>
          </datafield>
          <datafield ind1=" " ind2=" " tag="540">
            <subfield code="a">This item is protected by copyright, with all rights reserved.</subfield>
          </datafield>
          <datafield ind1=" " ind2=" " tag="653">
            <subfield code="a">Hospitals (New York City).</subfield>
          </datafield>
          <datafield ind1=" " ind2=" " tag="653">
            <subfield code="a">New York Hospital.</subfield>
          </datafield>
          <datafield ind1="4" ind2="0" tag="856">
            <subfield code="u">http://hdl.handle.net/1953/128</subfield>
          </datafield>
        </record>
      </metadata>
    </record>
    <record>
      <header>
        <identifier>oai:urresearch3.rochester.edu:62</identifier>
        <datestamp>2003-11-21T21:32:33Z</datestamp>
        <setSpec>15:188</setSpec>
      </header>
      <metadata>
        <record xmlns="http://www.loc.gov/MARC21/slim">
          <leader>00000 am a2200000Ka 4500</leader>
          <controlfield tag="006">m        d        </controlfield>
          <controlfield tag="007">cr||||||||||||</controlfield>
          <controlfield tag="008">      s2003            s           eng  </controlfield>
          <datafield ind1=" " ind2=" " tag="260">
            <subfield code="c">2003.</subfield>
          </datafield>
          <datafield ind1=" " ind2=" " tag="500">
            <subfield code="a">This view of the Board Room looks across the conference table that dominates the center of the room toward the windows. The view shows the opposite side of the Board Room from the previous photograph in this album.</subfield>
          </datafield>
          <datafield ind1=" " ind2=" " tag="540">
            <subfield code="a">This item is protected by copyright, with all rights reserved.</subfield>
          </datafield>
          <datafield ind1=" " ind2=" " tag="653">
            <subfield code="a">Hospitals (New York City).</subfield>
          </datafield>
          <datafield ind1=" " ind2=" " tag="653">
            <subfield code="a">New York Hospital.</subfield>
          </datafield>
          <datafield ind1="4" ind2="0" tag="856">
            <subfield code="u">http://hdl.handle.net/1953/129</subfield>
          </datafield>
        </record>
      </metadata>
    </record>
    <record>
      <header>
        <identifier>oai:urresearch3.rochester.edu:63</identifier>
        <datestamp>2003-11-21T21:46:56Z</datestamp>
        <setSpec>15:188</setSpec>
      </header>
      <metadata>
        <record xmlns="http://www.loc.gov/MARC21/slim">
          <leader>00000 am a2200000Ka 4500</leader>
          <controlfield tag="006">m        d        </controlfield>
          <controlfield tag="007">cr||||||||||||</controlfield>
          <controlfield tag="008">      s2003            s           eng  </controlfield>
          <datafield ind1=" " ind2=" " tag="260">
            <subfield code="c">2003.</subfield>
          </datafield>
          <datafield ind1=" " ind2=" " tag="500">
            <subfield code="a">A horse drawn ambulance is drawn up in a hospital courtyard. One attendant is seated on the driver's box and a second in the back of the vehicle.</subfield>
          </datafield>
          <datafield ind1="3" ind2=" " tag="520">
            <subfield code="a">The ambulance district of the New York Hospital was bounded by 4th Ave. on the east and 7th Ave. on the west; and by 14th St. on the south and 42nd St. on the north.</subfield>
          </datafield>
          <datafield ind1=" " ind2=" " tag="540">
            <subfield code="a">This item is protected by copyright, with all rights reserved.</subfield>
          </datafield>
          <datafield ind1=" " ind2=" " tag="653">
            <subfield code="a">Emergency Medical Services.</subfield>
          </datafield>
          <datafield ind1=" " ind2=" " tag="653">
            <subfield code="a">Ambulances.</subfield>
          </datafield>
          <datafield ind1=" " ind2=" " tag="653">
            <subfield code="a">New York Hospital.</subfield>
          </datafield>
          <datafield ind1=" " ind2=" " tag="653">
            <subfield code="a">Hospitals (New York City).</subfield>
          </datafield>
          <datafield ind1="4" ind2="0" tag="856">
            <subfield code="u">http://hdl.handle.net/1953/130</subfield>
          </datafield>
        </record>
      </metadata>
    </record>
    <record>
      <header>
        <identifier>oai:urresearch3.rochester.edu:64</identifier>
        <datestamp>2003-11-24T22:42:00Z</datestamp>
        <setSpec>29:55</setSpec>
      </header>
      <metadata>
        <record xmlns="http://www.loc.gov/MARC21/slim">
          <leader>00000 am a2200000Ka 4500</leader>
          <controlfield tag="006">m        d        </controlfield>
          <controlfield tag="007">cr||||||||||||</controlfield>
          <controlfield tag="008">      s2003            s           eng  </controlfield>
          <datafield ind1=" " ind2=" " tag="260">
            <subfield code="c">2003.</subfield>
          </datafield>
          <datafield ind1="3" ind2=" " tag="520">
            <subfield code="a">Papers from the 2003 meeting in one file.</subfield>
          </datafield>
          <datafield ind1=" " ind2=" " tag="538">
            <subfield code="a">System requirements: PDF viewer/reader.</subfield>
          </datafield>
          <datafield ind1=" " ind2=" " tag="540">
            <subfield code="a">This item is protected by copyright, with all rights reserved.</subfield>
          </datafield>
          <datafield ind1=" " ind2=" " tag="653">
            <subfield code="a">multi-media security.</subfield>
          </datafield>
          <datafield ind1=" " ind2=" " tag="653">
            <subfield code="a">video processing.</subfield>
          </datafield>
          <datafield ind1=" " ind2=" " tag="653">
            <subfield code="a">image analysis.</subfield>
          </datafield>
          <datafield ind1=" " ind2=" " tag="653">
            <subfield code="a">imaging.</subfield>
          </datafield>
          <datafield ind1=" " ind2=" " tag="653">
            <subfield code="a">sampling.</subfield>
          </datafield>
          <datafield ind1=" " ind2=" " tag="653">
            <subfield code="a">halftone images.</subfield>
          </datafield>
          <datafield ind1=" " ind2=" " tag="653">
            <subfield code="a">character recognition.</subfield>
          </datafield>
          <datafield ind1=" " ind2=" " tag="653">
            <subfield code="a">aberration correction.</subfield>
          </datafield>
          <datafield ind1="4" ind2="0" tag="856">
            <subfield code="u">http://hdl.handle.net/1953/134</subfield>
          </datafield>
        </record>
      </metadata>
    </record>