
    <record>
      <header>
        <identifier>oai:urresearch3.rochester.edu:127</identifier>
        <datestamp>2004-04-16T23:04:30Z</datestamp>
        <setSpec>4:65</setSpec>
      </header>
      <metadata>
        <record xmlns="http://www.loc.gov/MARC21/slim">
          <leader>00000 am a2200000Ka 4500</leader>
          <controlfield tag="006">m        d        </controlfield>
          <controlfield tag="007">cr||||||||||||</controlfield>
          <controlfield tag="008">      s2004            s           eng  </controlfield>
          <datafield ind1="1" ind2=" " tag="100">
            <subfield code="a">Greenwood, Jeremy,</subfield>
            <subfield code="d">1953-</subfield>
            <subfield code="4">aut</subfield>
          </datafield>
          <datafield ind1="1" ind2="0" tag="245">
            <subfield code="a">Engines of Liberation</subfield>
            <subfield code="h">[electronic resource] /</subfield>
            <subfield code="c">Jeremy  Greenwood.</subfield>
          </datafield>
          <datafield ind1=" " ind2=" " tag="260">
            <subfield code="c">2004.</subfield>
          </datafield>
          <datafield ind1="1" ind2=" " tag="490">
            <subfield code="a">Economie d'Avant Garde;</subfield>
            <subfield code="v">2</subfield>
          </datafield>
          <datafield ind1="3" ind2=" " tag="520">
            <subfield code="a">Electricity was born at the dawn of the last century. Households were inundated with a flood of new consumer durable goods. What was the impact of this consumer durable goods revolution? It is argued here that the consumer goods revolution was conducive to liberating women from the home. To analyze this hypothesis, a Beckerian model of household production is developed. Households must decide whether to adopt the new technologies or not, and whether married woman should work. Can such a model help to explain the rise in married female labor-force participation that occurred in the last century? Yes.</subfield>
          </datafield>
          <datafield ind1=" " ind2=" " tag="538">
            <subfield code="a">System requirements: PDF viewer/reader.</subfield>
          </datafield>
          <datafield ind1=" " ind2=" " tag="540">
            <subfield code="a">This item is protected by copyright, with all rights reserved.</subfield>
          </datafield>
          <datafield ind1=" " ind2=" " tag="653">
            <subfield code="a">The second industrial revolution.</subfield>
          </datafield>
          <datafield ind1=" " ind2=" " tag="653">
            <subfield code="a">Technology adoption.</subfield>
          </datafield>
          <datafield ind1=" " ind2=" " tag="653">
            <subfield code="a">Household production theory.</subfield>
          </datafield>
          <datafield ind1=" " ind2=" " tag="653">
            <subfield code="a">Female labor-force participation.</subfield>
          </datafield>
          <datafield ind1=" " ind2=" " tag="653">
            <subfield code="a">Macroeconomics.</subfield>
          </datafield>
          <datafield ind1=" " ind2=" " tag="653">
            <subfield code="a">Economic Growth.</subfield>
          </datafield>
          <datafield ind1="1" ind2=" " tag="700">
            <subfield code="a">Seshadri, Ananth.</subfield>
            <subfield code="4">aut</subfield>
          </datafield>
          <datafield ind1="1" ind2=" " tag="700">
            <subfield code="a">Yorukoglu, Mehmet.</subfield>
            <subfield code="4">aut</subfield>
          </datafield>
          <datafield ind1=" " ind2="0" tag="830">
            <subfield code="a">Economie d'Avant Garde;</subfield>
            <subfield code="v">2</subfield>
          </datafield>
          <datafield ind1="4" ind2="0" tag="856">
            <subfield code="u">http://hdl.handle.net/1953/206</subfield>
          </datafield>
        </record>
      </metadata>
    </record>