
    <record>
      <header>
        <identifier>oai:urresearch3.rochester.edu:135</identifier>
        <datestamp>2004-04-26T17:48:51Z</datestamp>
        <setSpec>17:54</setSpec>
      </header>
      <metadata>
        <record xmlns="http://www.loc.gov/MARC21/slim">
          <leader>00000 am a2200000Ka 4500</leader>
          <controlfield tag="006">m        d        </controlfield>
          <controlfield tag="007">cr||||||||||||</controlfield>
          <controlfield tag="008">      s2004            s           eng  </controlfield>
          <datafield ind1="1" ind2=" " tag="100">
            <subfield code="a">Goldwater, Micah.</subfield>
            <subfield code="4">aut</subfield>
          </datafield>
          <datafield ind1="1" ind2="0" tag="245">
            <subfield code="a">Coreferential Interpretations of Reflexives in Picture Noun Phrases: an Experimental Approach</subfield>
            <subfield code="h">[electronic resource] /</subfield>
            <subfield code="c">Micah Goldwater.</subfield>
          </datafield>
          <datafield ind1=" " ind2=" " tag="260">
            <subfield code="c">2004.</subfield>
          </datafield>
          <datafield ind1=" " ind2=" " tag="500">
            <subfield code="a">Paper presented at the Texas Linguistics Society conference, University of   Texas, Austin, March 2004.</subfield>
          </datafield>
          <datafield ind1=" " ind2=" " tag="540">
            <subfield code="a">This item is protected by copyright, with all rights reserved.</subfield>
          </datafield>
          <datafield ind1="1" ind2=" " tag="700">
            <subfield code="a">Runner, Jeffrey T.,</subfield>
            <subfield code="d">1963-</subfield>
            <subfield code="4">aut</subfield>
          </datafield>
          <datafield ind1="4" ind2="0" tag="856">
            <subfield code="u">http://hdl.handle.net/1953/223</subfield>
          </datafield>
        </record>
      </metadata>
    </record>