
    <record>
      <header>
        <identifier>oai:urresearch3.rochester.edu:136</identifier>
        <datestamp>2004-04-26T20:34:46Z</datestamp>
        <setSpec>21:56</setSpec>
      </header>
      <metadata>
        <record xmlns="http://www.loc.gov/MARC21/slim">
          <leader>00000 am a2200000Ka 4500</leader>
          <controlfield tag="006">m        d        </controlfield>
          <controlfield tag="007">cr||||||||||||</controlfield>
          <controlfield tag="008">      s2004            s           eng  </controlfield>
          <datafield ind1="1" ind2=" " tag="100">
            <subfield code="a">Manly, Steven.</subfield>
            <subfield code="4">aut</subfield>
          </datafield>
          <datafield ind1="1" ind2="0" tag="245">
            <subfield code="a">Possibilities for an off-axis near detector in the NuMI beam</subfield>
            <subfield code="h">[electronic resource] /</subfield>
            <subfield code="c">Steven Manly.</subfield>
          </datafield>
          <datafield ind1=" " ind2=" " tag="260">
            <subfield code="c">2004.</subfield>
          </datafield>
          <datafield ind1=" " ind2=" " tag="500">
            <subfield code="a">Prepared for the Second  International Workshop on Neutrino-Nucleus Interactions in the few-GeV  Region (NUINT'02), University of California, Irvine, December 12-15, 2002. The author  thanks K. McFarland for substantial help with this work  and M. Messier for beam simulation studies.</subfield>
          </datafield>
          <datafield ind1="3" ind2=" " tag="520">
            <subfield code="a">This paper describes a possible near-source detector for the Fermilab NuMI neutrino beam with the purpose of  measuring neutrino interactions and NuMI beam fluxes in the few GeV energy range. Such an experiment would  be an important supporting part of the program to probe neutrino mixing, masses and CP violation through  the observation of  (&#x2212;)  &#x3BD; &#xB5;&#x2192;  (&#x2212;)  &#x3BD; e transitions in low energy conventional neutrino beams. It would also provide the  opportunity to compare electron and neutrino-nucleon cross sections carefully at these energies and probe quarkhadron  duality.</subfield>
          </datafield>
          <datafield ind1=" " ind2=" " tag="538">
            <subfield code="a">System requirements: PDF viewer/reader.</subfield>
          </datafield>
          <datafield ind1=" " ind2=" " tag="540">
            <subfield code="a">This item is protected by copyright, with all rights reserved.</subfield>
          </datafield>
          <datafield ind1=" " ind2=" " tag="653">
            <subfield code="a">neutrino beams.</subfield>
          </datafield>
          <datafield ind1=" " ind2=" " tag="653">
            <subfield code="a">low energy.</subfield>
          </datafield>
          <datafield ind1=" " ind2=" " tag="653">
            <subfield code="a">NUINT'02.</subfield>
          </datafield>
          <datafield ind1=" " ind2=" " tag="653">
            <subfield code="a">neutrino oscillations.</subfield>
          </datafield>
          <datafield ind1=" " ind2=" " tag="653">
            <subfield code="a">neutrino detector.</subfield>
          </datafield>
          <datafield ind1="4" ind2="0" tag="856">
            <subfield code="u">http://hdl.handle.net/1953/227</subfield>
          </datafield>
        </record>
      </metadata>
    </record>