
    <record>
      <header>
        <identifier>oai:urresearch3.rochester.edu:147</identifier>
        <datestamp>2004-05-13T19:16:05Z</datestamp>
        <setSpec>17:58</setSpec>
      </header>
      <metadata>
        <record xmlns="http://www.loc.gov/MARC21/slim">
          <leader>00000 am a2200000Ka 4500</leader>
          <controlfield tag="006">m        d        </controlfield>
          <controlfield tag="007">cr||||||||||||</controlfield>
          <controlfield tag="008">      s1994            s           eng  </controlfield>
          <datafield ind1="1" ind2=" " tag="100">
            <subfield code="a">McDonough, Joyce.</subfield>
            <subfield code="4">aut</subfield>
          </datafield>
          <datafield ind1="1" ind2="0" tag="245">
            <subfield code="a">Sounds of Navajo</subfield>
            <subfield code="h">[electronic resource] /</subfield>
            <subfield code="c">Joyce McDonough.</subfield>
          </datafield>
          <datafield ind1=" " ind2=" " tag="260">
            <subfield code="c">1994.</subfield>
          </datafield>
          <datafield ind1="3" ind2=" " tag="520">
            <subfield code="a">This is a MacIntosh Hypercard stack of the sounds of the Navajo language developed for Din&#xE9; College, Shiprock New Mexico for use in language instruction by Helen George and Joyce McDonough in April 1994 at the UCLA Phonetics Lab. This is based on UCLA's  Hypercard SOWL (Sounds of the World's Languages) stacks.</subfield>
          </datafield>
          <datafield ind1=" " ind2=" " tag="538">
            <subfield code="a">System requirements: PDF viewer/reader.</subfield>
          </datafield>
          <datafield ind1=" " ind2=" " tag="540">
            <subfield code="a">This item is protected by copyright, with all rights reserved.</subfield>
          </datafield>
          <datafield ind1=" " ind2=" " tag="653">
            <subfield code="a">Navajo language instruction.</subfield>
          </datafield>
          <datafield ind1=" " ind2=" " tag="653">
            <subfield code="a">Navajo sounds.</subfield>
          </datafield>
          <datafield ind1=" " ind2=" " tag="653">
            <subfield code="a">instructional software.</subfield>
          </datafield>
          <datafield ind1=" " ind2=" " tag="653">
            <subfield code="a">Macintosh  Hypercard.</subfield>
          </datafield>
          <datafield ind1=" " ind2=" " tag="653">
            <subfield code="a">Navajo pronunciation.</subfield>
          </datafield>
          <datafield ind1="1" ind2=" " tag="700">
            <subfield code="a">George, Helen.</subfield>
            <subfield code="4">aut</subfield>
          </datafield>
          <datafield ind1="4" ind2="0" tag="856">
            <subfield code="u">http://hdl.handle.net/1953/241</subfield>
          </datafield>
        </record>
      </metadata>
    </record>