
    <record>
      <header>
        <identifier>oai:urresearch3.rochester.edu:148</identifier>
        <datestamp>2004-05-13T20:03:31Z</datestamp>
        <setSpec>17:58</setSpec>
      </header>
      <metadata>
        <record xmlns="http://www.loc.gov/MARC21/slim">
          <leader>00000 am a2200000Ka 4500</leader>
          <controlfield tag="006">m        d        </controlfield>
          <controlfield tag="007">cr||||||||||||</controlfield>
          <controlfield tag="008">      s2000            s           eng  </controlfield>
          <datafield ind1="1" ind2=" " tag="100">
            <subfield code="a">McDonough, Joyce.</subfield>
            <subfield code="4">aut</subfield>
          </datafield>
          <datafield ind1="1" ind2="0" tag="245">
            <subfield code="a">Athabaskan redux: Against the position class as a morphological category</subfield>
            <subfield code="h">[electronic resource] /</subfield>
            <subfield code="c">Joyce McDonough.</subfield>
          </datafield>
          <datafield ind1=" " ind2=" " tag="260">
            <subfield code="a">Amsterdam :</subfield>
            <subfield code="b">John Benjamins., </subfield>
            <subfield code="c">2000.</subfield>
          </datafield>
          <datafield ind1="3" ind2=" " tag="520">
            <subfield code="a">This paper reviews an analysis of Athabaskan verb that eschews the position class model using instead a standard affix-to-base morphology called the bipartite analysis. This analysis argues that position classes are essentially prosthetic extensions to affix-to-base morphology.  We must prove that these extensions are necessary and principled before we assume them. In this paper,  the position class and the bipartite analyses of Athabaskan are compared using a morphosyntactic model developed for position classes. Insofar as the bipartite analysis serves this type morphosyntactic model, then evidence for position classes as independent lexical categories is considerably weakened and the burden of proof  for their existence falls to those who assume them.</subfield>
          </datafield>
          <datafield ind1=" " ind2=" " tag="524">
            <subfield code="a">Morphological Analysis in Comparison.  Ed. by Dressler, Pfeiffer, Pochtrager &amp; Rennison, p155-78. Amsterdam: John Benjamins.</subfield>
          </datafield>
          <datafield ind1=" " ind2=" " tag="538">
            <subfield code="a">System requirements: PDF viewer/reader.</subfield>
          </datafield>
          <datafield ind1=" " ind2=" " tag="540">
            <subfield code="a">This item is protected by copyright, with all rights reserved.</subfield>
          </datafield>
          <datafield ind1=" " ind2=" " tag="653">
            <subfield code="a">Navajo morphology.</subfield>
          </datafield>
          <datafield ind1=" " ind2=" " tag="653">
            <subfield code="a">Athabaskan morphology.</subfield>
          </datafield>
          <datafield ind1=" " ind2=" " tag="653">
            <subfield code="a">morpho-phonology.</subfield>
          </datafield>
          <datafield ind1=" " ind2=" " tag="653">
            <subfield code="a">slot-and-filler morphology.</subfield>
          </datafield>
          <datafield ind1=" " ind2=" " tag="653">
            <subfield code="a">morphological categories.</subfield>
          </datafield>
          <datafield ind1=" " ind2=" " tag="653">
            <subfield code="a">word structure.</subfield>
          </datafield>
          <datafield ind1=" " ind2=" " tag="653">
            <subfield code="a">morphological templates.</subfield>
          </datafield>
          <datafield ind1="4" ind2="0" tag="856">
            <subfield code="u">http://hdl.handle.net/1953/242</subfield>
          </datafield>
        </record>
      </metadata>
    </record>