
    <record>
      <header>
        <identifier>oai:urresearch3.rochester.edu:149</identifier>
        <datestamp>2004-05-18T17:08:20Z</datestamp>
        <setSpec>17:58</setSpec>
      </header>
      <metadata>
        <record xmlns="http://www.loc.gov/MARC21/slim">
          <leader>00000 am a2200000Ka 4500</leader>
          <controlfield tag="006">m        d        </controlfield>
          <controlfield tag="007">cr||||||||||||</controlfield>
          <controlfield tag="008">      s1999            s           eng  </controlfield>
          <datafield ind1="1" ind2=" " tag="100">
            <subfield code="a">McDonough, Joyce.</subfield>
            <subfield code="4">aut</subfield>
          </datafield>
          <datafield ind1="1" ind2="0" tag="245">
            <subfield code="a">On a bipartite model of the Athabaskan verb</subfield>
            <subfield code="h">[electronic resource] /</subfield>
            <subfield code="c">Joyce McDonough.</subfield>
          </datafield>
          <datafield ind1=" " ind2=" " tag="260">
            <subfield code="b">Oxford University Press, </subfield>
            <subfield code="c">1999.</subfield>
          </datafield>
          <datafield ind1=" " ind2=" " tag="500">
            <subfield code="a">Athabaskan morphological structure</subfield>
          </datafield>
          <datafield ind1="3" ind2=" " tag="520">
            <subfield code="a">This paper presents a principalled model of the internal structure of the Athabaskan verb: the verb consists of two syntctically defined components, Aux and Verb. Each of these constitutents is comprised of an obligatory base, called a 'stem' and a set of prefixes. This basic unit is the core or minimal verb.  The Aux stems are units from the conjugational 'Base Paradigms', as laid out in Young and Morgan's The Navajo Language. A series of arguemnts for this structure are laid out, including phonotactic and phonological sensitivity to this structure. The bipartite structure is proposed to replace the slot-and-filler template as a basis of word formation in Athabaskan.</subfield>
          </datafield>
          <datafield ind1=" " ind2=" " tag="524">
            <subfield code="a">Athabaskan: Language &amp; Linguistics. Eds. Fernald and Platero.  Oxford University Press, 1999.</subfield>
          </datafield>
          <datafield ind1=" " ind2=" " tag="538">
            <subfield code="a">System requirements: PDF viewer/reader.</subfield>
          </datafield>
          <datafield ind1=" " ind2=" " tag="540">
            <subfield code="a">This item is protected by copyright, with all rights reserved.</subfield>
          </datafield>
          <datafield ind1=" " ind2=" " tag="653">
            <subfield code="a">morphology.</subfield>
          </datafield>
          <datafield ind1=" " ind2=" " tag="653">
            <subfield code="a">morpho-phonetics.</subfield>
          </datafield>
          <datafield ind1=" " ind2=" " tag="653">
            <subfield code="a">Athabaskan languages.</subfield>
          </datafield>
          <datafield ind1=" " ind2=" " tag="653">
            <subfield code="a">Navajo morphology.</subfield>
          </datafield>
          <datafield ind1="4" ind2="0" tag="856">
            <subfield code="u">http://hdl.handle.net/1953/250</subfield>
          </datafield>
        </record>
      </metadata>
    </record>