
    <record>
      <header>
        <identifier>oai:urresearch3.rochester.edu:150</identifier>
        <datestamp>2004-05-18T17:17:16Z</datestamp>
        <setSpec>17:58</setSpec>
      </header>
      <metadata>
        <record xmlns="http://www.loc.gov/MARC21/slim">
          <leader>00000 am a2200000Ka 4500</leader>
          <controlfield tag="006">m        d        </controlfield>
          <controlfield tag="007">cr||||||||||||</controlfield>
          <controlfield tag="008">      s2000            s           jpn  </controlfield>
          <datafield ind1="1" ind2=" " tag="100">
            <subfield code="a">McDonough, Joyce.</subfield>
            <subfield code="4">aut</subfield>
          </datafield>
          <datafield ind1="1" ind2="0" tag="245">
            <subfield code="a">Allowable variability: a preliminary investigation of word recognition in Navajo</subfield>
            <subfield code="h">[electronic resource] /</subfield>
            <subfield code="c">Joyce McDonough.</subfield>
          </datafield>
          <datafield ind1=" " ind2=" " tag="260">
            <subfield code="b">University of Rochester Working papers in the Language Sciences, </subfield>
            <subfield code="c">2000.</subfield>
          </datafield>
          <datafield ind1="1" ind2=" " tag="490">
            <subfield code="a">University of Rochester Working Papers in the Language Sciences;</subfield>
            <subfield code="v">Spring/Summer 2000-1</subfield>
          </datafield>
          <datafield ind1="3" ind2=" " tag="520">
            <subfield code="a">Because speakers do not produce uninflected or 'base' forms, and  listeners do not hear them, the shape of the word lexicon in languages  with highly productive word formation processes directly addresses the  conflict between morphological theories which assume the primacy of  word formation processes (Anderson 1992, Bybee and Moder 1983,)  and theories of word recognition such as the Cohort theory (Caramaza,  Laudana and Romani 1988, Marslen-Wilson 1978) which assume words  are stored. How does a relationship between inflected forms, or between  inflected forms and their more abstract base, get established? One  (common) assumption is that less fluent speakers have less complete  grammars and their mistakes reflect their less complete or 'imperfect'  knowledge of structure. Since the productive morphology indicates a  more complex word processing device and presumably a more complex  word lexicon, these errors may reasonably reflect the principles that  underlie the organization of the lexical system. In this study, designed to  test the feasibility of this strategy, we produced a list of 100 Navajo  forms, half of which were 'correct' Navajo words and half were  'incorrect', containing mistakes that less fluent Navajo speakers actually  made. The Navajo verbs were categorized into 5 groups, reflecting five  types of commonly occurring errors. We found that all speakers  accommodated &#x2018;errors', with differences in the kinds of errors more and  less fluent speakers tolerated. The results bear on the issue of the role  context, fluency and morphological structure in the recognition of  morphologically complex words.</subfield>
          </datafield>
          <datafield ind1=" " ind2=" " tag="524">
            <subfield code="a">University of Rochester Working Papers in the Language Sciences&#x2014;Vol. Spring 2000, no. 1, Katherine M. Crosswhite and Joyce McDonough (eds.)</subfield>
          </datafield>
          <datafield ind1=" " ind2=" " tag="538">
            <subfield code="a">System requirements: PDF viewer/reader.</subfield>
          </datafield>
          <datafield ind1=" " ind2=" " tag="540">
            <subfield code="a">This item is protected by copyright, with all rights reserved.</subfield>
          </datafield>
          <datafield ind1=" " ind2=" " tag="653">
            <subfield code="a">word recognition.</subfield>
          </datafield>
          <datafield ind1=" " ind2=" " tag="653">
            <subfield code="a">Navajo language.</subfield>
          </datafield>
          <datafield ind1=" " ind2=" " tag="653">
            <subfield code="a">Athabaskan languages.</subfield>
          </datafield>
          <datafield ind1=" " ind2=" " tag="653">
            <subfield code="a">Athabaskan morphology.</subfield>
          </datafield>
          <datafield ind1="1" ind2=" " tag="700">
            <subfield code="a">Willie, Mary Ann.</subfield>
            <subfield code="4">aut</subfield>
          </datafield>
          <datafield ind1=" " ind2="0" tag="830">
            <subfield code="a">University of Rochester Working Papers in the Language Sciences;</subfield>
            <subfield code="v">Spring/Summer 2000-1</subfield>
          </datafield>
          <datafield ind1="4" ind2="0" tag="856">
            <subfield code="u">http://hdl.handle.net/1953/251</subfield>
          </datafield>
        </record>
      </metadata>
    </record>