
    <record>
      <header>
        <identifier>oai:urresearch3.rochester.edu:152</identifier>
        <datestamp>2004-05-19T23:08:23Z</datestamp>
        <setSpec>5:57</setSpec>
      </header>
      <metadata>
        <record xmlns="http://www.loc.gov/MARC21/slim">
          <leader>00000 am a2200000Ka 4500</leader>
          <controlfield tag="006">m        d        </controlfield>
          <controlfield tag="007">cr||||||||||||</controlfield>
          <controlfield tag="008">      s2004            s           eng  </controlfield>
          <datafield ind1="1" ind2=" " tag="100">
            <subfield code="a">Leung, Yuk-Yuen Max.</subfield>
            <subfield code="4">aut</subfield>
          </datafield>
          <datafield ind1="1" ind2="0" tag="245">
            <subfield code="a">Uroflow in murine urethritis</subfield>
            <subfield code="h">[electronic resource] /</subfield>
            <subfield code="c">Yuk-Yuen Max Leung.</subfield>
          </datafield>
          <datafield ind1=" " ind2=" " tag="260">
            <subfield code="c">2004.</subfield>
          </datafield>
          <datafield ind1=" " ind2=" " tag="500">
            <subfield code="a">Method for measuring uroflow and void duration in the mouse</subfield>
          </datafield>
          <datafield ind1="3" ind2=" " tag="520">
            <subfield code="a">Objective: Genetically engineered mice may improve understanding of a variety of human bladder diseases. We developed a non-invasive method to measure urinary flow rate in the mouse. This could be useful for the study of bladder outlet obstruction as well as processes affecting detrusor function in the awake animal. Methods: A metabolic cage without a fecal separation screen was placed above a precision balance that reported the mass of the excreta pan every 100 msec. A computational algorithm identified voids suitable for assessment of uroflow from other excretory events. These algorithms were verified by comparison with series of images obtained automatically before and during excretory events. Intraurethral acetic acid was used to induce urethritis and to verify the sensitivity of the measurement technique. Results: Automatic categorization and characterization of uroflow was successful. Brief exposures of the urethra of the female C57BL6/J mouse to 2% acetic acid decreased uroflow and increased void duration without a change in void volume. Conclusions: This method will enable studies of urologic function in mice of differing age, sex, strain, and genetic constitution. Murine urethritis can be differentiated from cystitis, known to be associated with a decrease in void volume. The observed changes are consistent with urethral obstruction induced by local swelling and inflammation.</subfield>
          </datafield>
          <datafield ind1=" " ind2=" " tag="538">
            <subfield code="a">System requirements: PDF viewer/reader.</subfield>
          </datafield>
          <datafield ind1=" " ind2=" " tag="540">
            <subfield code="a">This item is protected by copyright, with all rights reserved.</subfield>
          </datafield>
          <datafield ind1=" " ind2=" " tag="653">
            <subfield code="a">Mouse.</subfield>
          </datafield>
          <datafield ind1=" " ind2=" " tag="653">
            <subfield code="a">obstruction.</subfield>
          </datafield>
          <datafield ind1=" " ind2=" " tag="653">
            <subfield code="a">bladder outlet obstruction.</subfield>
          </datafield>
          <datafield ind1=" " ind2=" " tag="653">
            <subfield code="a">BOO.</subfield>
          </datafield>
          <datafield ind1=" " ind2=" " tag="653">
            <subfield code="a">LUTS.</subfield>
          </datafield>
          <datafield ind1=" " ind2=" " tag="653">
            <subfield code="a">urethritis.</subfield>
          </datafield>
          <datafield ind1=" " ind2=" " tag="653">
            <subfield code="a">uroflow.</subfield>
          </datafield>
          <datafield ind1=" " ind2=" " tag="653">
            <subfield code="a">partial outlet obstruction.</subfield>
          </datafield>
          <datafield ind1="1" ind2=" " tag="700">
            <subfield code="a">Schwarz, Edward M..</subfield>
            <subfield code="4">aut</subfield>
          </datafield>
          <datafield ind1="1" ind2=" " tag="700">
            <subfield code="a">Silvers, Christopher R..</subfield>
            <subfield code="4">aut</subfield>
          </datafield>
          <datafield ind1="1" ind2=" " tag="700">
            <subfield code="a">Messing, Edward M..</subfield>
            <subfield code="4">aut</subfield>
          </datafield>
          <datafield ind1="1" ind2=" " tag="700">
            <subfield code="a">Wood, Ronald W..</subfield>
            <subfield code="4">aut</subfield>
          </datafield>
          <datafield ind1="4" ind2="0" tag="856">
            <subfield code="u">http://hdl.handle.net/1953/253</subfield>
          </datafield>
        </record>
      </metadata>
    </record>