
    <record>
      <header>
        <identifier>oai:urresearch3.rochester.edu:178</identifier>
        <datestamp>2004-06-02T20:13:55Z</datestamp>
        <setSpec>7:143</setSpec>
      </header>
      <metadata>
        <record xmlns="http://www.loc.gov/MARC21/slim">
          <leader>00000 am a2200000Ka 4500</leader>
          <controlfield tag="006">m        d        </controlfield>
          <controlfield tag="007">cr||||||||||||</controlfield>
          <controlfield tag="008">      s2004            s           eng  </controlfield>
          <datafield ind1="1" ind2=" " tag="100">
            <subfield code="a">Neely, Tia.</subfield>
            <subfield code="4">aut</subfield>
          </datafield>
          <datafield ind1="1" ind2="4" tag="245">
            <subfield code="a">The Paul Family Plot</subfield>
            <subfield code="h">[electronic resource] /</subfield>
            <subfield code="c">Tia Neely.</subfield>
          </datafield>
          <datafield ind1=" " ind2=" " tag="260">
            <subfield code="c">2004.</subfield>
          </datafield>
          <datafield ind1="1" ind2=" " tag="490">
            <subfield code="a">Field Reports from Mt. Hope Cemetery, Rochester, NY;</subfield>
          </datafield>
          <datafield ind1=" " ind2=" " tag="500">
            <subfield code="a">Report prepared as part of the coursework required for REL 167, Speaking Stones.</subfield>
          </datafield>
          <datafield ind1="3" ind2=" " tag="520">
            <subfield code="a">Description and interpretation of the monument to the members of the Paul family, including Sophia (d. 1928) and Peter (d. 1905).  The monument is a large statue of a rough cross with an angel in front of it.  The report includes photographs of the gravesite.</subfield>
          </datafield>
          <datafield ind1=" " ind2=" " tag="538">
            <subfield code="a">System requirements: PDF viewer/reader.</subfield>
          </datafield>
          <datafield ind1=" " ind2=" " tag="540">
            <subfield code="a">This item is protected by copyright, with all rights reserved.</subfield>
          </datafield>
          <datafield ind1=" " ind2=" " tag="653">
            <subfield code="a">statue.</subfield>
          </datafield>
          <datafield ind1=" " ind2=" " tag="653">
            <subfield code="a">gravestone.</subfield>
          </datafield>
          <datafield ind1=" " ind2=" " tag="653">
            <subfield code="a">iconography.</subfield>
          </datafield>
          <datafield ind1=" " ind2=" " tag="653">
            <subfield code="a">death.</subfield>
          </datafield>
          <datafield ind1=" " ind2=" " tag="653">
            <subfield code="a">bereavement.</subfield>
          </datafield>
          <datafield ind1=" " ind2=" " tag="653">
            <subfield code="a">family.</subfield>
          </datafield>
          <datafield ind1=" " ind2=" " tag="653">
            <subfield code="a">angel.</subfield>
          </datafield>
          <datafield ind1=" " ind2=" " tag="653">
            <subfield code="a">symbolism.</subfield>
          </datafield>
          <datafield ind1=" " ind2="0" tag="830">
            <subfield code="a">Field Reports from Mt. Hope Cemetery, Rochester, NY;</subfield>
          </datafield>
          <datafield ind1="4" ind2="0" tag="856">
            <subfield code="u">http://hdl.handle.net/1953/279</subfield>
          </datafield>
        </record>
      </metadata>
    </record>