
    <record>
      <header>
        <identifier>oai:urresearch3.rochester.edu:179</identifier>
        <datestamp>2011-03-01T17:28:35Z</datestamp>
        <setSpec>3:168:144</setSpec>
      </header>
      <metadata>
        <record xmlns="http://www.loc.gov/MARC21/slim">
          <leader>00000 am a2200000Ka 4500</leader>
          <controlfield tag="006">m        d        </controlfield>
          <controlfield tag="007">cr||||||||||||</controlfield>
          <controlfield tag="008">      s2002            s           eng  </controlfield>
          <datafield ind1="1" ind2=" " tag="100">
            <subfield code="a">Sanders, Brandon C. S..</subfield>
            <subfield code="4">aut</subfield>
          </datafield>
          <datafield ind1="1" ind2="0" tag="245">
            <subfield code="a">Discovering Objects Using Temporal Information</subfield>
            <subfield code="h">[electronic resource] /</subfield>
            <subfield code="c">Brandon C. S. Sanders.</subfield>
          </datafield>
          <datafield ind1=" " ind2=" " tag="260">
            <subfield code="b">University of Rochester. Computer Science Department., </subfield>
            <subfield code="c">2002.</subfield>
          </datafield>
          <datafield ind1="1" ind2=" " tag="490">
            <subfield code="a">UR CSD;</subfield>
            <subfield code="v">TR772</subfield>
          </datafield>
          <datafield ind1="3" ind2=" " tag="520">
            <subfield code="a">We present the theory behind TOD (the Temporal Object Discoverer), a novel unsupervised system that uses only temporal information to discover objects across image sequences acquired by any number of uncalibrated cameras. The process is divided into three phases: (1) Extraction of each pixel's temporal signature, a partition of the pixel's observations into sets that stem from different objects; (2) Construction of a global schedule that explains the signatures in terms of the lifetimes of a set of quasi-static objects; (3) Mapping of each pixel's observations to objects in the schedule according to the pixel's temporal signature. Our Global Scheduling (GSched) algorithm provably constructs a valid and complete global schedule when certain observability criteria are met. Our Quasi-Static Labeling (QSL) algorithm uses the schedule created by GSched to produce the maximally-informative mapping of each pixel's observations onto the objects they stem from. Using GSched and QSL, TOD ignores distracting motion, correctly deals with complicated occlusions, and naturally groups observations across cameras. The sets of 2D masks recovered are suitable for unsupervised training and initialization of object recognition and tracking systems.</subfield>
          </datafield>
          <datafield ind1=" " ind2=" " tag="538">
            <subfield code="a">System requirements: PDF viewer/reader.</subfield>
          </datafield>
          <datafield ind1=" " ind2=" " tag="540">
            <subfield code="a">This item is protected by copyright, with all rights reserved.</subfield>
          </datafield>
          <datafield ind1=" " ind2=" " tag="653">
            <subfield code="a">temporal reasoning.</subfield>
          </datafield>
          <datafield ind1=" " ind2=" " tag="653">
            <subfield code="a">spatial intelligence.</subfield>
          </datafield>
          <datafield ind1=" " ind2=" " tag="653">
            <subfield code="a">computer vision.</subfield>
          </datafield>
          <datafield ind1=" " ind2=" " tag="653">
            <subfield code="a">object discovery.</subfield>
          </datafield>
          <datafield ind1="1" ind2=" " tag="700">
            <subfield code="a">Sukthankar, Rahul.</subfield>
            <subfield code="4">aut</subfield>
          </datafield>
          <datafield ind1="1" ind2=" " tag="700">
            <subfield code="a">Nelson, Randal C..</subfield>
            <subfield code="4">aut</subfield>
          </datafield>
          <datafield ind1=" " ind2="0" tag="830">
            <subfield code="a">UR CSD;</subfield>
            <subfield code="v">TR772</subfield>
          </datafield>
          <datafield ind1="4" ind2="0" tag="856">
            <subfield code="u">http://hdl.handle.net/1953/280</subfield>
          </datafield>
        </record>
      </metadata>
    </record>