
    <record>
      <header>
        <identifier>oai:urresearch3.rochester.edu:181</identifier>
        <datestamp>2011-03-01T17:28:35Z</datestamp>
        <setSpec>3:168:144</setSpec>
      </header>
      <metadata>
        <record xmlns="http://www.loc.gov/MARC21/slim">
          <leader>00000 am a2200000Ka 4500</leader>
          <controlfield tag="006">m        d        </controlfield>
          <controlfield tag="007">cr||||||||||||</controlfield>
          <controlfield tag="008">      s2003            s           eng  </controlfield>
          <datafield ind1="1" ind2=" " tag="100">
            <subfield code="a">Green, Isaac A.,</subfield>
            <subfield code="d">1974-</subfield>
            <subfield code="4">aut</subfield>
          </datafield>
          <datafield ind1="1" ind2="0" tag="245">
            <subfield code="a">Experiments in generic object recognition</subfield>
            <subfield code="h">[electronic resource] /</subfield>
            <subfield code="c">Isaac A. Green.</subfield>
          </datafield>
          <datafield ind1=" " ind2=" " tag="260">
            <subfield code="b">University of Rochester. Computer Science Department., </subfield>
            <subfield code="c">2003.</subfield>
          </datafield>
          <datafield ind1=" " ind2=" " tag="300">
            <subfield code="a">xv, 135 leaves.</subfield>
          </datafield>
          <datafield ind1="1" ind2=" " tag="490">
            <subfield code="a">UR CSD;</subfield>
            <subfield code="v">TR805</subfield>
          </datafield>
          <datafield ind1=" " ind2=" " tag="500">
            <subfield code="a">Thesis (Ph. D.)--University of Rochester. Dept. of Computer Science, 2003.</subfield>
          </datafield>
          <datafield ind1="3" ind2=" " tag="520">
            <subfield code="a">The task of generic object recognition involves learning to identify members of a  class of objects based on a few exemplars from that class. Generic object classes are  inherently ill-defined. Objects can be grouped into classes based on varying criteria  such as form, function, color, size, etc. In this work, we develop two extensions to a  well-studied, 3D view-based, rigid-object recognizer that improve its performance on  generic object classes grouped on shape and a related class of objects we call loosely  structured objects.  The first extension uses clustering on the underlying local context features to discover  features that recur within object classes. The modification improves performance  for rigid, generic, and loosely structure classes, but it does not reliably discover recurrent  features. Further analysis shows most of the performance improvement comes  from a side-effect of the clustering algorithm. Namely, features that tend to create noise  in the system become marginalized.  The second extension takes a principled approach to estimating the quality of each  object model feature based on its robustness and commonness. Noisy features get a low  quality score and thus contribute less noise to the recognition process. This approach  further improves recognition for rigid, generic, and loosely structured object classes  over the clustering method.  We also develop an active recognition system that achieves better recognition by  utilizing additional information available in the active vision setting. The system uses  change detection to perform foreground/background segmentation on the scene. This  segmentation information is used to command a pan, tilt, zoom camera to acquire a  high-resolution image of target regions in the scene. Furthermore, the segmentation  information is used to reduce background clutter in these high-resolution target images.  Finally, we describe the Memory Assistant application built on top of the active  recognition system. This application is designed to assist people with mild to moderate  memory loss keep track of important objects in a home environment. A prototype of  this system is currently deployed at the Center for Future Health at the University of  Rochester Medical Center.</subfield>
          </datafield>
          <datafield ind1=" " ind2=" " tag="538">
            <subfield code="a">System requirements: PDF viewer/reader.</subfield>
          </datafield>
          <datafield ind1=" " ind2=" " tag="540">
            <subfield code="a">This item is protected by copyright, with all rights reserved.</subfield>
          </datafield>
          <datafield ind1=" " ind2=" " tag="653">
            <subfield code="a">Object recognition.</subfield>
          </datafield>
          <datafield ind1=" " ind2=" " tag="653">
            <subfield code="a"> Active recognition.</subfield>
          </datafield>
          <datafield ind1=" " ind2=" " tag="653">
            <subfield code="a"> Computer vision.</subfield>
          </datafield>
          <datafield ind1=" " ind2="7" tag="655">
            <subfield code="a">Electronic dissertations.</subfield>
            <subfield code="2">lcgft</subfield>
          </datafield>
          <datafield ind1="1" ind2=" " tag="700">
            <subfield code="a">Nelson, Randal C..</subfield>
            <subfield code="4">ths</subfield>
          </datafield>
          <datafield ind1=" " ind2="0" tag="830">
            <subfield code="a">UR CSD;</subfield>
            <subfield code="v">TR805</subfield>
          </datafield>
          <datafield ind1="4" ind2="0" tag="856">
            <subfield code="u">http://hdl.handle.net/1953/285</subfield>
          </datafield>
        </record>
      </metadata>
    </record>