
    <record>
      <header>
        <identifier>oai:urresearch3.rochester.edu:185</identifier>
        <datestamp>2011-03-01T17:28:35Z</datestamp>
        <setSpec>3:168:144</setSpec>
      </header>
      <metadata>
        <record xmlns="http://www.loc.gov/MARC21/slim">
          <leader>00000 am a2200000Ka 4500</leader>
          <controlfield tag="006">m        d        </controlfield>
          <controlfield tag="007">cr||||||||||||</controlfield>
          <controlfield tag="008">      s2003            s           eng  </controlfield>
          <datafield ind1="1" ind2=" " tag="100">
            <subfield code="a">Zhang, Zuohua,</subfield>
            <subfield code="d">1970-</subfield>
            <subfield code="4">aut</subfield>
          </datafield>
          <datafield ind1="1" ind2="0" tag="245">
            <subfield code="a">Distributed synchrony</subfield>
            <subfield code="h">[electronic resource] /</subfield>
            <subfield code="c">Zuohua  Zhang.</subfield>
          </datafield>
          <datafield ind1=" " ind2=" " tag="260">
            <subfield code="c">2003.</subfield>
          </datafield>
          <datafield ind1=" " ind2=" " tag="300">
            <subfield code="a">xx, 120 leaves.</subfield>
          </datafield>
          <datafield ind1="1" ind2=" " tag="490">
            <subfield code="a">UR CSD;</subfield>
            <subfield code="v">TR812</subfield>
          </datafield>
          <datafield ind1=" " ind2=" " tag="500">
            <subfield code="a">Thesis (Ph. D.)--University of Rochester. Dept. of Computer Science, 2003.</subfield>
          </datafield>
          <datafield ind1="3" ind2=" " tag="520">
            <subfield code="a">One of the biggest challenges in systems neuroscience is a satisfactory model of neural signaling. From rate coding to temporal coding, models of neural signaling have been challenged by the fact that neurons fire highly irregularly. A typical interpretation of the variability is "noise other than signal", which not only has difficulty accounting for the speed, accuracy, efficiency and complexity of biological systems, but is also contradicted by recent studies that show both spike generation and transmission are highly reliable.   Challenged with the discrepancy between theory and data, we take a fresh view of the subject with the proposal that the randomness associated with neuronal outputs is certain to have a purpose. In particular, we model neurons as probabilistic devices that not only compute probabilities but also fire probabilistically to signal their computations. According to our model, signaling of probabilities is done by having cells with similar receptive fields fire synchronously to achieve fast communication, this is consistent with observations of neurons coding as ensembles and topographic map organization. Our proposal of probabilistic, distributed synchronous volleys as a neural signaling strategy not only accounts for variable neural responses, but also provides the advantage of robust and fast computation. Furthermore, the involvements of probabilistic firing and distributed coding explicate how synchronous firing can appear to be a rate code, accounting for the vast amount of data supporting a rate code assumption.   &lt;P&gt;  Any neural signaling model must support cortical computation in a biologically realistic fashion. Going beyond simply addressing the role of spikes in cortical cells' communication, we show that our distributed synchrony model can be implemented in a predictive coding framework and can be used to learn structures in the natural environment. Trained with patches from natural images, our model V1 cells develop localized and oriented receptive fields, consistent with V1 simple cell properties. Unlike most cortical computation models, our predictive coding model makes use of single spikes, instead of abstracting spikes away with analog quantities. This close resemblance to biology makes our model well suited for guiding experimental research.</subfield>
          </datafield>
          <datafield ind1=" " ind2=" " tag="538">
            <subfield code="a">System requirements: PDF viewer/reader.</subfield>
          </datafield>
          <datafield ind1=" " ind2=" " tag="540">
            <subfield code="a">This item is protected by copyright, with all rights reserved.</subfield>
          </datafield>
          <datafield ind1=" " ind2=" " tag="653">
            <subfield code="a">Cortical computation.</subfield>
          </datafield>
          <datafield ind1=" " ind2=" " tag="653">
            <subfield code="a"> Probabilistic firing.</subfield>
          </datafield>
          <datafield ind1=" " ind2=" " tag="653">
            <subfield code="a"> Irregular firing.</subfield>
          </datafield>
          <datafield ind1=" " ind2=" " tag="653">
            <subfield code="a"> Distributed coding.</subfield>
          </datafield>
          <datafield ind1=" " ind2=" " tag="653">
            <subfield code="a"> Neural coding.</subfield>
          </datafield>
          <datafield ind1=" " ind2=" " tag="653">
            <subfield code="a"> Synchrony.</subfield>
          </datafield>
          <datafield ind1=" " ind2=" " tag="653">
            <subfield code="a"> Sparse coding.</subfield>
          </datafield>
          <datafield ind1=" " ind2="7" tag="655">
            <subfield code="a">Electronic dissertations.</subfield>
            <subfield code="2">lcgft</subfield>
          </datafield>
          <datafield ind1="1" ind2=" " tag="700">
            <subfield code="a">Ballard, Dana H..</subfield>
            <subfield code="4">ths</subfield>
          </datafield>
          <datafield ind1=" " ind2="0" tag="830">
            <subfield code="a">UR CSD;</subfield>
            <subfield code="v">TR812</subfield>
          </datafield>
          <datafield ind1="4" ind2="0" tag="856">
            <subfield code="u">http://hdl.handle.net/1953/317</subfield>
          </datafield>
        </record>
      </metadata>
    </record>