
    <record>
      <header>
        <identifier>oai:urresearch3.rochester.edu:187</identifier>
        <datestamp>2011-03-01T17:28:35Z</datestamp>
        <setSpec>3:168:144</setSpec>
      </header>
      <metadata>
        <record xmlns="http://www.loc.gov/MARC21/slim">
          <leader>00000 am a2200000Ka 4500</leader>
          <controlfield tag="006">m        d        </controlfield>
          <controlfield tag="007">cr||||||||||||</controlfield>
          <controlfield tag="008">      s2004            s           eng  </controlfield>
          <datafield ind1="1" ind2=" " tag="100">
            <subfield code="a">Shaw, Jonathan M..</subfield>
            <subfield code="4">aut</subfield>
          </datafield>
          <datafield ind1="1" ind2="0" tag="245">
            <subfield code="a">Temporal Sparse Coding with Spiking Neurons without Synfire Chains</subfield>
            <subfield code="h">[electronic resource] /</subfield>
            <subfield code="c">Jonathan M. Shaw.</subfield>
          </datafield>
          <datafield ind1=" " ind2=" " tag="260">
            <subfield code="b">University of Rochester. Computer Science Department., </subfield>
            <subfield code="c">2004.</subfield>
          </datafield>
          <datafield ind1="1" ind2=" " tag="490">
            <subfield code="a">UR CSD;</subfield>
            <subfield code="v">TR834</subfield>
          </datafield>
          <datafield ind1="3" ind2=" " tag="520">
            <subfield code="a">One of the guiding principles of sparse coding is that neurons should convey as much information as possible with every spike. However, sparse coding models have not lived up to this idea. Many models use neurons which output continuous values over time. This is justified by assuming they communicate by firing rates, but this disregards all temporal information from the spike. Newer models use exact spike times, but they also use synchronous firing chains. For neurons to convey as much information as possible per spike, their spikes must be as independent as possible. Synfire chains are, in contrast, very highly correlated spike trains.   This model is to our knowledge the first sparse coding model on spiking neurons which does not use synfire chains. Instead, each neuron tries to make its spike train as independent as possible from those of its neighbors. The neurons are strictly local, with temporal receptive fields and recurrent inhibitory connections. The input can be reconstructed by summing the convolutions of each neuron's spike trains with their receptive fields. Finally, we argue that the algorithm is related to K-means clustering in a convolutional feature space.</subfield>
          </datafield>
          <datafield ind1=" " ind2=" " tag="538">
            <subfield code="a">System requirements: PDF viewer/reader.</subfield>
          </datafield>
          <datafield ind1=" " ind2=" " tag="540">
            <subfield code="a">This item is protected by copyright, with all rights reserved.</subfield>
          </datafield>
          <datafield ind1=" " ind2=" " tag="653">
            <subfield code="a">vision.</subfield>
          </datafield>
          <datafield ind1=" " ind2=" " tag="653">
            <subfield code="a">spike timing.</subfield>
          </datafield>
          <datafield ind1=" " ind2=" " tag="653">
            <subfield code="a">sparse coding.</subfield>
          </datafield>
          <datafield ind1=" " ind2=" " tag="653">
            <subfield code="a">spiking neurons.</subfield>
          </datafield>
          <datafield ind1=" " ind2=" " tag="653">
            <subfield code="a">unsupervised learning.</subfield>
          </datafield>
          <datafield ind1=" " ind2="0" tag="830">
            <subfield code="a">UR CSD;</subfield>
            <subfield code="v">TR834</subfield>
          </datafield>
          <datafield ind1="4" ind2="0" tag="856">
            <subfield code="u">http://hdl.handle.net/1953/290</subfield>
          </datafield>
        </record>
      </metadata>
    </record>