
    <record>
      <header>
        <identifier>oai:urresearch3.rochester.edu:188</identifier>
        <datestamp>2004-06-14T21:35:26Z</datestamp>
        <setSpec>4:186</setSpec>
      </header>
      <metadata>
        <record xmlns="http://www.loc.gov/MARC21/slim">
          <leader>00000 am a2200000Ka 4500</leader>
          <controlfield tag="006">m        d        </controlfield>
          <controlfield tag="007">cr||||||||||||</controlfield>
          <controlfield tag="008">      s2004            obm   000 0 eng  </controlfield>
          <datafield ind1="1" ind2=" " tag="100">
            <subfield code="a">Danthine, Samuel.</subfield>
            <subfield code="4">aut</subfield>
          </datafield>
          <datafield ind1="1" ind2="0" tag="245">
            <subfield code="a">Labor Market Performance and Heterogeneity</subfield>
            <subfield code="h">[electronic resource] /</subfield>
            <subfield code="c">Samuel Danthine.</subfield>
          </datafield>
          <datafield ind1=" " ind2=" " tag="260">
            <subfield code="c">2004.</subfield>
          </datafield>
          <datafield ind1=" " ind2=" " tag="502">
            <subfield code="a">Professor Jeremy Greenwood, Thesis Advisor.  &lt;BR&gt;  Thesis (Ph.D) - Economics Department, University of Rochester.</subfield>
          </datafield>
          <datafield ind1="3" ind2=" " tag="520">
            <subfield code="a">Labor market performance varies greatly across countries while, within countries, individuals have very different labor  market experiences. The purpose of this dissertation is to document these features and propose a  modelling framework that can help us understand the observations.      In Chapter one, labor market indicators of performance and of institutions for OECD  countries are described. They lead to the view that labor market stylized facts are richer and more  complex than usually argued. In particular, cross-country differences in labor market performance change when  different age groups, different gender groups, different educational groups, and different measures of  performance are examined. Furthermore, cross-country differences in institutions greatly vary across countries,  and not always in the same direction as our preconceptions suggest.      Agent heterogeneity and market frictions are necessary to account for these facts.  Chapter two introduces a two-sided search model with ex-ante heterogeneity that generates within-skill wage  differences and skill-related unemployment duration. The result is a rich description of equilibrium where  labor policies have implications that go beyond their effects on the level of current unemployment and aggregate  output. In this model, policies, institutions and individual characteristics may result in more or less  unemployment as well as in better or worse sorting of skills. Consequently, the size of the pie - the level of  aggregate output - but also the way it is distributed - the degree of wage inequality - are affected in non  trivial and interesting ways.      Finally, it is shown in Chapter three that the model introduced in Chapter two, augmented with three  features, can qualitatively explain differences in GDP per hour and GDP per capita, differences in employment,  and differences in the proportion of part-time work between the US, France and the Netherlands. The three  elements grafted to the model are labor/leisure choices, with the assumption that firms and workers bargain over  both wages and hours, frictions in the bargaining process - firms and workers that are engaged in a match  cannot always renegotiate - and cross-country differences in labor income taxation.</subfield>
          </datafield>
          <datafield ind1=" " ind2=" " tag="538">
            <subfield code="a">System requirements: PDF viewer/reader.</subfield>
          </datafield>
          <datafield ind1=" " ind2=" " tag="540">
            <subfield code="a">This item is protected by copyright, with all rights reserved.</subfield>
          </datafield>
          <datafield ind1=" " ind2=" " tag="653">
            <subfield code="a">search and matching.</subfield>
          </datafield>
          <datafield ind1=" " ind2=" " tag="653">
            <subfield code="a">labor market performance.</subfield>
          </datafield>
          <datafield ind1=" " ind2=" " tag="653">
            <subfield code="a">heterogeneity.</subfield>
          </datafield>
          <datafield ind1=" " ind2=" " tag="653">
            <subfield code="a">frictions.</subfield>
          </datafield>
          <datafield ind1=" " ind2="7" tag="655">
            <subfield code="a">Electronic dissertations.</subfield>
            <subfield code="2">lcgft</subfield>
          </datafield>
          <datafield ind1="4" ind2="0" tag="856">
            <subfield code="u">http://hdl.handle.net/1953/282</subfield>
          </datafield>
        </record>
      </metadata>
    </record>