
    <record>
      <header>
        <identifier>oai:urresearch3.rochester.edu:189</identifier>
        <datestamp>2004-06-15T23:37:17Z</datestamp>
        <setSpec>4:186</setSpec>
      </header>
      <metadata>
        <record xmlns="http://www.loc.gov/MARC21/slim">
          <leader>00000 am a2200000Ka 4500</leader>
          <controlfield tag="006">m        d        </controlfield>
          <controlfield tag="007">cr||||||||||||</controlfield>
          <controlfield tag="008">      s2004            obm   000 0 eng  </controlfield>
          <datafield ind1="1" ind2=" " tag="100">
            <subfield code="a">Vandenbroucke, Guillaume.</subfield>
            <subfield code="4">aut</subfield>
          </datafield>
          <datafield ind1="1" ind2="0" tag="245">
            <subfield code="a">Essays on Macroeconomics and Population Growth</subfield>
            <subfield code="h">[electronic resource] /</subfield>
            <subfield code="c">Guillaume Vandenbroucke.</subfield>
          </datafield>
          <datafield ind1=" " ind2=" " tag="260">
            <subfield code="c">2004.</subfield>
          </datafield>
          <datafield ind1="1" ind2=" " tag="490">
            <subfield code="a">Economie d'Avant Garde;</subfield>
            <subfield code="v">D2</subfield>
          </datafield>
          <datafield ind1=" " ind2=" " tag="502">
            <subfield code="a">Thesis (Ph.D.)--University of Rochester. Economics Department, 2004.</subfield>
          </datafield>
          <datafield ind1="3" ind2=" " tag="520">
            <subfield code="a">General equilibrium models are used to explore the interactions between  macroeconomics and the two components of population growth: natural increase and net-migration.    The first questions at hand are: What caused the baby boom? Can it be explained within the context of the  decline in fertility that has occurred over the last 200 years? The hypothesis is that: (i) The decline in  fertility is due to the rise in real wages that increased the opportunity cost of children; and (ii) the baby  boom is explained by a burst of technological progress in the household sector. A model is developed and found  to account well, quantitatively, for both phenomena.    Chapter 2 focuses on some facts characterizing the U.S. economic development in the 19th century. These facts  are: (i) The Westward Expansion; (ii) the accumulation of productive land; and (iii) the wage gap in favor of  the West. A two-locations model is developed. A novelty is the presence of a fixed amount of land, initially  unsuitable for production, but that can be improved. Historical evidence is used to calibrate the model's  parameters. It accounts for the regional distribution of population and the path of the stock of productive  land. The main factor driving the Westward Expansion is population growth.    Chapter three asks: What drove western population growth in the U.S. during the 19th century? The facts are:  (i) Natural increase was higher in the West than in the East; and (ii) in the early stages of the settlement  process, net migration could account for up to 80% of population growth in some regions. A general equilibrium  model is proposed, with three ingredients: endogenous fertility, investment in land, and migration. The relative  abundance of land in the West promotes higher fertility. The model is simulated. It accounts well for the  time-series decomposition of population growth between migration and fertility.</subfield>
          </datafield>
          <datafield ind1=" " ind2=" " tag="538">
            <subfield code="a">System requirements: PDF viewer/reader.</subfield>
          </datafield>
          <datafield ind1=" " ind2=" " tag="540">
            <subfield code="a">This item is protected by copyright, with all rights reserved.</subfield>
          </datafield>
          <datafield ind1=" " ind2=" " tag="653">
            <subfield code="a">Fertility, Migration, Population Growth.</subfield>
          </datafield>
          <datafield ind1=" " ind2=" " tag="653">
            <subfield code="a">Land-improvement, General Equilibrium.</subfield>
          </datafield>
          <datafield ind1=" " ind2="7" tag="655">
            <subfield code="a">Electronic dissertations.</subfield>
            <subfield code="2">lcgft</subfield>
          </datafield>
          <datafield ind1="1" ind2=" " tag="700">
            <subfield code="a">Greenwood, Jeremy,</subfield>
            <subfield code="d">1953-</subfield>
            <subfield code="4">ths</subfield>
          </datafield>
          <datafield ind1=" " ind2="0" tag="830">
            <subfield code="a">Economie d'Avant Garde;</subfield>
            <subfield code="v">D2</subfield>
          </datafield>
          <datafield ind1="4" ind2="0" tag="856">
            <subfield code="u">http://hdl.handle.net/1953/283</subfield>
          </datafield>
        </record>
      </metadata>
    </record>