
    <record>
      <header>
        <identifier>oai:urresearch3.rochester.edu:190</identifier>
        <datestamp>2004-06-23T21:34:01Z</datestamp>
        <setSpec>25:63</setSpec>
      </header>
      <metadata>
        <record xmlns="http://www.loc.gov/MARC21/slim">
          <leader>00000 cm a2200000Ka 4500</leader>
          <controlfield tag="006">m        d        </controlfield>
          <controlfield tag="007">cr||||||||||||</controlfield>
          <controlfield tag="008">      s1890            s                </controlfield>
          <datafield ind1="3" ind2="2" tag="028">
            <subfield code="a">9082 C. F. W. Siegel</subfield>
          </datafield>
          <datafield ind1="2" ind2="2" tag="028">
            <subfield code="a">9082 C. F. W. Siegel</subfield>
          </datafield>
          <datafield ind1="3" ind2="0" tag="028">
            <subfield code="a">9082 C. F. W. Siegel</subfield>
          </datafield>
          <datafield ind1="0" ind2="0" tag="050">
            <subfield code="a">M219 .B889.2</subfield>
          </datafield>
          <datafield ind1="1" ind2=" " tag="100">
            <subfield code="a">Br&#xFC;ll, Ignaz,</subfield>
            <subfield code="d">1846-1907.</subfield>
          </datafield>
          <datafield ind1="1" ind2="0" tag="245">
            <subfield code="a">Zweite Sonate, A moll, fu&#x308;r Pianoforte und Violine, komponiert von Ignaz Bru&#x308;ll. Op. 60</subfield>
            <subfield code="h">[electronic resource] /</subfield>
            <subfield code="c">Ignaz Br&#xFC;ll.</subfield>
          </datafield>
          <datafield ind1="3" ind2=" " tag="246">
            <subfield code="a"> Sonatas, violin, piano, no. 2, op. 60, A minor</subfield>
          </datafield>
          <datafield ind1=" " ind2=" " tag="260">
            <subfield code="a">Leipzig :</subfield>
            <subfield code="b">C.F.W. Siegel (R. Linnemann), </subfield>
            <subfield code="c">1890.</subfield>
          </datafield>
          <datafield ind1=" " ind2=" " tag="500">
            <subfield code="a">score and part. 32 cm.</subfield>
          </datafield>
          <datafield ind1=" " ind2=" " tag="538">
            <subfield code="a">System requirements: PDF viewer/reader.</subfield>
          </datafield>
          <datafield ind1=" " ind2=" " tag="540">
            <subfield code="a">This item is in the public domain.</subfield>
          </datafield>
          <datafield ind1=" " ind2=" " tag="653">
            <subfield code="a">Sonatas (Violin and piano) Scores and parts.</subfield>
          </datafield>
          <datafield ind1="4" ind2="0" tag="856">
            <subfield code="u">http://hdl.handle.net/1953/301</subfield>
          </datafield>
        </record>
      </metadata>
    </record>