
    <record>
      <header>
        <identifier>oai:urresearch3.rochester.edu:191</identifier>
        <datestamp>2004-06-23T21:37:01Z</datestamp>
        <setSpec>25:63</setSpec>
      </header>
      <metadata>
        <record xmlns="http://www.loc.gov/MARC21/slim">
          <leader>00000 cm a2200000Ka 4500</leader>
          <controlfield tag="006">m        d        </controlfield>
          <controlfield tag="007">cr||||||||||||</controlfield>
          <controlfield tag="008">      s1893            s           ger  </controlfield>
          <datafield ind1="3" ind2="2" tag="028">
            <subfield code="a">M.B.1 Max Brockhaus</subfield>
          </datafield>
          <datafield ind1="2" ind2="2" tag="028">
            <subfield code="a">M.B.1 Max Brockhaus</subfield>
          </datafield>
          <datafield ind1="3" ind2="0" tag="028">
            <subfield code="a">M.B.1 Max Brockhaus</subfield>
          </datafield>
          <datafield ind1="0" ind2="0" tag="050">
            <subfield code="a">M209 .B889s.3</subfield>
          </datafield>
          <datafield ind1="1" ind2=" " tag="100">
            <subfield code="a">Br&#xFC;ll, Ignaz,</subfield>
            <subfield code="d">1846-1907.</subfield>
          </datafield>
          <datafield ind1="1" ind2="0" tag="245">
            <subfield code="a">Dritte Serenade, fu&#x308;r Orchester, op. 67, von Ignaz Brull. Clavierauszug zu 4 Handen vom Componisten.</subfield>
            <subfield code="h">[electronic resource] /</subfield>
            <subfield code="c">Ignaz Br&#xFC;ll.</subfield>
          </datafield>
          <datafield ind1="3" ind2=" " tag="246">
            <subfield code="a"> Serenades, orchestra, no. 3, op. 67; arr.</subfield>
          </datafield>
          <datafield ind1=" " ind2=" " tag="260">
            <subfield code="a">Leipzig :</subfield>
            <subfield code="b">Max Brockhaus, </subfield>
            <subfield code="c">1893.</subfield>
          </datafield>
          <datafield ind1=" " ind2=" " tag="500">
            <subfield code="a">27 p. 34 cm.</subfield>
          </datafield>
          <datafield ind1=" " ind2=" " tag="538">
            <subfield code="a">System requirements: PDF viewer/reader.</subfield>
          </datafield>
          <datafield ind1=" " ind2=" " tag="540">
            <subfield code="a">This item is in the public domain.</subfield>
          </datafield>
          <datafield ind1=" " ind2=" " tag="653">
            <subfield code="a">Piano music (4 hands), Arranged..</subfield>
          </datafield>
          <datafield ind1="4" ind2="0" tag="856">
            <subfield code="u">http://hdl.handle.net/1953/302</subfield>
          </datafield>
        </record>
      </metadata>
    </record>