
    <record>
      <header>
        <identifier>oai:urresearch3.rochester.edu:192</identifier>
        <datestamp>2011-03-01T17:28:35Z</datestamp>
        <setSpec>3:97</setSpec>
      </header>
      <metadata>
        <record xmlns="http://www.loc.gov/MARC21/slim">
          <leader>00000 am a2200000Ka 4500</leader>
          <controlfield tag="006">m        d        </controlfield>
          <controlfield tag="007">cr||||||||||||</controlfield>
          <controlfield tag="008">      s2002            s           eng  </controlfield>
          <datafield ind1="1" ind2=" " tag="100">
            <subfield code="a">Scott, Michael Lee,</subfield>
            <subfield code="d">1959-</subfield>
            <subfield code="4">aut</subfield>
          </datafield>
          <datafield ind1="1" ind2="0" tag="245">
            <subfield code="a">Non-Blocking Timeout in Scalable Queue-Based Spin Locks</subfield>
            <subfield code="h">[electronic resource] /</subfield>
            <subfield code="c">Michael Lee Scott.</subfield>
          </datafield>
          <datafield ind1=" " ind2=" " tag="260">
            <subfield code="b">University of Rochester. Computer Science Department., </subfield>
            <subfield code="c">2002.</subfield>
          </datafield>
          <datafield ind1="1" ind2=" " tag="490">
            <subfield code="a">UR CSD;</subfield>
            <subfield code="v">TR773</subfield>
          </datafield>
          <datafield ind1="3" ind2=" " tag="520">
            <subfield code="a">Queue-based spin locks allow programs with busy-wait synchronization to scale to very  largemultiprocessors,without fear of starvation or performance-destroying contention. Timeoutcapable  spin locks allow a thread to abandon its attempt to acquire a lock; they are used widely  in real-time systems to avoid overshooting a deadline, and in database systems to recover from  transaction deadlock and to tolerate preemption of the thread that holds a lock.  In previous work we showed how to incorporate timeout in scalable queue-based locks.  Technological trends suggest that this combination will be of increasing commercial importance.  Our previous solutions, however, require a thread that is timing out to handshake with  its neighbors in the queue, a requirement that may lead to indefinite delay in a preemptively  multiprogrammed system.  In the current paper we present new queue-based locks in which the timeout code is nonblocking.  These locks sacrifice the constant worst-case space per thread of our previous algorithms,  but allow us to bound the time that a thread may be delayed by preemption of its peers.  We present empirical results indicating that space needs are modest in practice, and that performance  scales well to large machines. We also argue that constant per-thread space cannot be  guaranteed together with non-blocking timeout in a queue-based lock.</subfield>
          </datafield>
          <datafield ind1=" " ind2=" " tag="538">
            <subfield code="a">System requirements: PDF viewer/reader.</subfield>
          </datafield>
          <datafield ind1=" " ind2=" " tag="540">
            <subfield code="a">This item is protected by copyright, with all rights reserved.</subfield>
          </datafield>
          <datafield ind1=" " ind2=" " tag="653">
            <subfield code="a">non-blocking synchronization.</subfield>
          </datafield>
          <datafield ind1=" " ind2=" " tag="653">
            <subfield code="a">user-level spin locks.</subfield>
          </datafield>
          <datafield ind1=" " ind2=" " tag="653">
            <subfield code="a">preemption.</subfield>
          </datafield>
          <datafield ind1=" " ind2=" " tag="653">
            <subfield code="a">scalability.</subfield>
          </datafield>
          <datafield ind1=" " ind2=" " tag="653">
            <subfield code="a">timeout.</subfield>
          </datafield>
          <datafield ind1=" " ind2="0" tag="830">
            <subfield code="a">UR CSD;</subfield>
            <subfield code="v">TR773</subfield>
          </datafield>
          <datafield ind1="4" ind2="0" tag="856">
            <subfield code="u">http://hdl.handle.net/1953/303</subfield>
          </datafield>
        </record>
      </metadata>
    </record>