
    <record>
      <header>
        <identifier>oai:urresearch3.rochester.edu:193</identifier>
        <datestamp>2011-03-01T17:28:35Z</datestamp>
        <setSpec>3:97</setSpec>
      </header>
      <metadata>
        <record xmlns="http://www.loc.gov/MARC21/slim">
          <leader>00000 am a2200000Ka 4500</leader>
          <controlfield tag="006">m        d        </controlfield>
          <controlfield tag="007">cr||||||||||||</controlfield>
          <controlfield tag="008">      s2002            s           eng  </controlfield>
          <datafield ind1="1" ind2=" " tag="100">
            <subfield code="a">Tang, Chunqiang.</subfield>
            <subfield code="4">aut</subfield>
          </datafield>
          <datafield ind1="1" ind2="0" tag="245">
            <subfield code="a">Support for Machine and Language Heterogeneity in a Distributed Shared State System</subfield>
            <subfield code="h">[electronic resource] /</subfield>
            <subfield code="c">Chunqiang Tang.</subfield>
          </datafield>
          <datafield ind1=" " ind2=" " tag="260">
            <subfield code="b">University of Rochester. Computer Science Department., </subfield>
            <subfield code="c">2002.</subfield>
          </datafield>
          <datafield ind1="1" ind2=" " tag="490">
            <subfield code="a">UR CSD;</subfield>
            <subfield code="v">TR783</subfield>
          </datafield>
          <datafield ind1="3" ind2=" " tag="520">
            <subfield code="a">InterWeave is a distributed middleware system that supports the sharing of strongly typed,  pointer-rich data structures across heterogeneous platforms. Unlike RPC-style systems (including  DCOM, CORBA, Java RMI), InterWeave does not require processes to employ a procedural  interface: it allows them to access shared data using ordinary reads and writes. To save  bandwidth in wide area networks, InterWeave caches data locally, and employs two-way diffing  to maintain coherence and consistency, transmitting only the portions of the data that have  changed.  In this paper, we focus on the aspects of InterWeave speci&#xA3;cally designed to accommodate  heterogeneous machine architectures and languages. Central to our approach is a strongly  typed, platform-independent wire format for diffs, and a set of algorithms and metadata structures  that support translation between local and wire formats. Using a combination of microbenchmarks  and real applications, we evaluate the performance of our heterogeneity mechanisms,  and compare them to comparable mechanisms in RPC-style systems. When transmitting  entire segments, InterWeave achieves performance comparable to that of RPC, while providing  a more &#xA4;exible programming model. When only a portion of a segment has changed, Inter-  Weave's use of diffs allows it to scale its overhead down, signi&#xA3;cantly outperforming straightforward  use of RPC.</subfield>
          </datafield>
          <datafield ind1=" " ind2=" " tag="538">
            <subfield code="a">System requirements: PDF viewer/reader.</subfield>
          </datafield>
          <datafield ind1=" " ind2=" " tag="540">
            <subfield code="a">This item is protected by copyright, with all rights reserved.</subfield>
          </datafield>
          <datafield ind1=" " ind2=" " tag="653">
            <subfield code="a">relaxed coherence.</subfield>
          </datafield>
          <datafield ind1=" " ind2=" " tag="653">
            <subfield code="a">software-distributed shared memory.</subfield>
          </datafield>
          <datafield ind1=" " ind2=" " tag="653">
            <subfield code="a">heterogeneity.</subfield>
          </datafield>
          <datafield ind1=" " ind2=" " tag="653">
            <subfield code="a">middleware.</subfield>
          </datafield>
          <datafield ind1=" " ind2=" " tag="653">
            <subfield code="a">distributed systems.</subfield>
          </datafield>
          <datafield ind1=" " ind2=" " tag="653">
            <subfield code="a">consistency.</subfield>
          </datafield>
          <datafield ind1="1" ind2=" " tag="700">
            <subfield code="a">Chen, DeQing.</subfield>
            <subfield code="4">aut</subfield>
          </datafield>
          <datafield ind1="1" ind2=" " tag="700">
            <subfield code="a">Dwarkadas, Sandhya.</subfield>
            <subfield code="4">aut</subfield>
          </datafield>
          <datafield ind1="1" ind2=" " tag="700">
            <subfield code="a">Scott, Michael Lee,</subfield>
            <subfield code="d">1959-</subfield>
            <subfield code="4">aut</subfield>
          </datafield>
          <datafield ind1=" " ind2="0" tag="830">
            <subfield code="a">UR CSD;</subfield>
            <subfield code="v">TR783</subfield>
          </datafield>
          <datafield ind1="4" ind2="0" tag="856">
            <subfield code="u">http://hdl.handle.net/1953/304</subfield>
          </datafield>
        </record>
      </metadata>
    </record>