
    <record>
      <header>
        <identifier>oai:urresearch3.rochester.edu:194</identifier>
        <datestamp>2011-03-01T17:28:35Z</datestamp>
        <setSpec>3:97</setSpec>
      </header>
      <metadata>
        <record xmlns="http://www.loc.gov/MARC21/slim">
          <leader>00000 am a2200000Ka 4500</leader>
          <controlfield tag="006">m        d        </controlfield>
          <controlfield tag="007">cr||||||||||||</controlfield>
          <controlfield tag="008">      s2003            s           eng  </controlfield>
          <datafield ind1="1" ind2=" " tag="100">
            <subfield code="a">Heinzelman, Wendi.</subfield>
            <subfield code="4">aut</subfield>
          </datafield>
          <datafield ind1="1" ind2="0" tag="245">
            <subfield code="a">Milan: Middleware Linking Applications and Networks</subfield>
            <subfield code="h">[electronic resource] /</subfield>
            <subfield code="c">Wendi Heinzelman.</subfield>
          </datafield>
          <datafield ind1=" " ind2=" " tag="260">
            <subfield code="b">University of Rochester. Computer Science Department., </subfield>
            <subfield code="c">2003.</subfield>
          </datafield>
          <datafield ind1="1" ind2=" " tag="490">
            <subfield code="a">UR CSD;</subfield>
            <subfield code="v">TR795</subfield>
          </datafield>
          <datafield ind1="3" ind2=" " tag="520">
            <subfield code="a">Current trends in computing include increases in both distribution and wireless connectivity,  leading to highly dynamic, complex environments on top of which applications must be built.  The task of designing and ensuring the correctness of applications in these environments is similarly  becoming more complex. The unified goal of much of the research in distributed wireless  systems is to provide higher level abstractions of complex low-level concepts to application programmers,  easing the design and implementation of applications. This is also the goal of the  proposed Milan middleware platform, but Milan's unique feature is its ability to continuously  control the network functionality with respect to the application's changing demands.  Applications targeted by Milan are characterized by their ability to adapt to changing sets of  available components, and their need to further constrain the active components for applicationperformance  reasons. Physical resources (e.g., transmission distance, bandwidth) and minimum  application performance limit the input to certain subsets of available components. It is the job  of Milan to identify these feasible sets and determine which set optimizes the tradeoff between  application performance and network cost (e.g., energy dissipation). Milan must then configure  the network so that components in the selected feasible set are linked to the application. A key  feature of Milan is the separation of the policy for managing the network, which is defined  by the application, from the mechanisms for implementing the policy, which is effected within  Milan. This report describes the initial design of Milan as well as our plans for future research.</subfield>
          </datafield>
          <datafield ind1=" " ind2=" " tag="538">
            <subfield code="a">System requirements: PDF viewer/reader.</subfield>
          </datafield>
          <datafield ind1=" " ind2=" " tag="540">
            <subfield code="a">This item is protected by copyright, with all rights reserved.</subfield>
          </datafield>
          <datafield ind1=" " ind2=" " tag="653">
            <subfield code="a">wireless communication.</subfield>
          </datafield>
          <datafield ind1=" " ind2=" " tag="653">
            <subfield code="a">middleware.</subfield>
          </datafield>
          <datafield ind1=" " ind2=" " tag="653">
            <subfield code="a">distributed computing.</subfield>
          </datafield>
          <datafield ind1=" " ind2=" " tag="653">
            <subfield code="a">sensor networks.</subfield>
          </datafield>
          <datafield ind1="1" ind2=" " tag="700">
            <subfield code="a">Murphy, Amy.</subfield>
            <subfield code="4">aut</subfield>
          </datafield>
          <datafield ind1=" " ind2="0" tag="830">
            <subfield code="a">UR CSD;</subfield>
            <subfield code="v">TR795</subfield>
          </datafield>
          <datafield ind1="4" ind2="0" tag="856">
            <subfield code="u">http://hdl.handle.net/1953/305</subfield>
          </datafield>
        </record>
      </metadata>
    </record>