
    <record>
      <header>
        <identifier>oai:urresearch3.rochester.edu:195</identifier>
        <datestamp>2011-03-01T17:28:35Z</datestamp>
        <setSpec>3:97</setSpec>
      </header>
      <metadata>
        <record xmlns="http://www.loc.gov/MARC21/slim">
          <leader>00000 am a2200000Ka 4500</leader>
          <controlfield tag="006">m        d        </controlfield>
          <controlfield tag="007">cr||||||||||||</controlfield>
          <controlfield tag="008">      s2003            s           eng  </controlfield>
          <datafield ind1="1" ind2=" " tag="100">
            <subfield code="a">Shen, Kai.</subfield>
            <subfield code="4">aut</subfield>
          </datafield>
          <datafield ind1="1" ind2="0" tag="245">
            <subfield code="a">Substrate-Aware Connectivity Support for Scalable Overlay Service Construction</subfield>
            <subfield code="h">[electronic resource] /</subfield>
            <subfield code="c">Kai Shen.</subfield>
          </datafield>
          <datafield ind1=" " ind2=" " tag="260">
            <subfield code="b">University of Rochester. Computer Science Department., </subfield>
            <subfield code="c">2003.</subfield>
          </datafield>
          <datafield ind1="1" ind2=" " tag="490">
            <subfield code="a">UR CSD;</subfield>
            <subfield code="v">TR800</subfield>
          </datafield>
          <datafield ind1=" " ind2=" " tag="500">
            <subfield code="a">As presented at 1st USENIX/ACM Symp. on Networked Systems Design and Implementation, San Francisco, CA, March 2004.</subfield>
          </datafield>
          <datafield ind1="3" ind2=" " tag="520">
            <subfield code="a">Internet overlay services may exhibit poor performance when their designs ignore the topology and  link properties of the underlying Internet substrate. Various service-specific techniques have been proposed  to select good overlay links and thus enhance the performance. In this paper, we explore the  model of providing a substrate-aware overlay structure management layer to assist the construction of  large-scale wide-area Internet services. To this end, we propose Saxons, a distributed software layer  that dynamically maintains an efficient mesh structure connecting overlay nodes. Saxons provides connectivity  support with three performance goals: low overlay latency, low hop-count distance, and high  overlay bandwidth. Services built on top of this layer can utilize the mesh structure while achieving high  performance. Furthermore, Saxons targets large-scale self-organizing services which adds scalability  and stability requirements into our design. This paper describes the design of Saxons and services that  can take advantage of it. Our simulation-based evaluations demonstrate Saxons' effectiveness in terms  of structure quality, stability, and overlay connectivity. To illustrate the usage of Saxons, this paper also  presents the design of a Saxons-based high-bandwidth overlay route discovery service.</subfield>
          </datafield>
          <datafield ind1=" " ind2=" " tag="538">
            <subfield code="a">System requirements: PDF viewer/reader.</subfield>
          </datafield>
          <datafield ind1=" " ind2=" " tag="540">
            <subfield code="a">This item is protected by copyright, with all rights reserved.</subfield>
          </datafield>
          <datafield ind1=" " ind2=" " tag="653">
            <subfield code="a">distributed systems.</subfield>
          </datafield>
          <datafield ind1=" " ind2=" " tag="653">
            <subfield code="a">overlay networks.</subfield>
          </datafield>
          <datafield ind1=" " ind2="0" tag="830">
            <subfield code="a">UR CSD;</subfield>
            <subfield code="v">TR800</subfield>
          </datafield>
          <datafield ind1="4" ind2="0" tag="856">
            <subfield code="u">http://hdl.handle.net/1953/306</subfield>
          </datafield>
        </record>
      </metadata>
    </record>