
    <record>
      <header>
        <identifier>oai:urresearch3.rochester.edu:196</identifier>
        <datestamp>2011-03-01T17:28:35Z</datestamp>
        <setSpec>3:97</setSpec>
      </header>
      <metadata>
        <record xmlns="http://www.loc.gov/MARC21/slim">
          <leader>00000 am a2200000Ka 4500</leader>
          <controlfield tag="006">m        d        </controlfield>
          <controlfield tag="007">cr||||||||||||</controlfield>
          <controlfield tag="008">      s2003            s           eng  </controlfield>
          <datafield ind1="1" ind2=" " tag="100">
            <subfield code="a">Zhu, YongKang.</subfield>
            <subfield code="4">aut</subfield>
          </datafield>
          <datafield ind1="1" ind2="4" tag="245">
            <subfield code="a">The Energy Impact of Aggressive Loop Fusion</subfield>
            <subfield code="h">[electronic resource] /</subfield>
            <subfield code="c">YongKang Zhu.</subfield>
          </datafield>
          <datafield ind1=" " ind2=" " tag="260">
            <subfield code="b">University of Rochester. Computer Science Department., </subfield>
            <subfield code="c">2003.</subfield>
          </datafield>
          <datafield ind1="1" ind2=" " tag="490">
            <subfield code="a">UR CSD;</subfield>
            <subfield code="v">TR822</subfield>
          </datafield>
          <datafield ind1="3" ind2=" " tag="520">
            <subfield code="a">Loop fusion combines corresponding iterations of different  loops. As shown in previous work, it can often decrease  program run time by reducing the overhead of loop control  and effective address calculations, and in important cases  by dramatically increasing cache or register reuse. In this  paper we consider corresponding changes in program energy.  By merging program phases, fusion tends to increase  the uniformity, or balance of demand for system resources.  On a conventional superscalar processor, increased balance  tends to increase IPC, and thus dynamic power, so  that fusion-induced improvements in program energy are  slightly smaller than improvements in program run time. If  IPC is held constant, however, by reducing frequency and  voltage-particularly on a processor with multiple clock  domains-then energy improvements may significantly exceed  run time improvements.  We demonstrate the benefits of increased program balance  under a theoretical model of processor energy consumption.  We then evaluate the benefits of fusion empirically  on synthetic and real-world benchmarks, using our existing  loop-fusing compiler, and running on a heavily modified version of the SimpleScalar/Wattch simulator. In addition  to validating our theoretical model, the simulation  results allow us to "tease apart" the various factors that  contribute to fusion-induced time and energy savings.</subfield>
          </datafield>
          <datafield ind1=" " ind2=" " tag="538">
            <subfield code="a">System requirements: PDF viewer/reader.</subfield>
          </datafield>
          <datafield ind1=" " ind2=" " tag="540">
            <subfield code="a">This item is protected by copyright, with all rights reserved.</subfield>
          </datafield>
          <datafield ind1=" " ind2=" " tag="653">
            <subfield code="a">program balance.</subfield>
          </datafield>
          <datafield ind1=" " ind2=" " tag="653">
            <subfield code="a">multi-clock domain processor.</subfield>
          </datafield>
          <datafield ind1=" " ind2=" " tag="653">
            <subfield code="a">simulation and performance evaluation.</subfield>
          </datafield>
          <datafield ind1=" " ind2=" " tag="653">
            <subfield code="a">loop fusion.</subfield>
          </datafield>
          <datafield ind1="1" ind2=" " tag="700">
            <subfield code="a">Magklis, Grigorios.</subfield>
            <subfield code="4">aut</subfield>
          </datafield>
          <datafield ind1="1" ind2=" " tag="700">
            <subfield code="a">Scott, Michael Lee,</subfield>
            <subfield code="d">1959-</subfield>
            <subfield code="4">aut</subfield>
          </datafield>
          <datafield ind1="1" ind2=" " tag="700">
            <subfield code="a">Ding, Chen.</subfield>
            <subfield code="4">aut</subfield>
          </datafield>
          <datafield ind1="1" ind2=" " tag="700">
            <subfield code="a">Albonesi, David H..</subfield>
            <subfield code="4">aut</subfield>
          </datafield>
          <datafield ind1=" " ind2="0" tag="830">
            <subfield code="a">UR CSD;</subfield>
            <subfield code="v">TR822</subfield>
          </datafield>
          <datafield ind1="4" ind2="0" tag="856">
            <subfield code="u">http://hdl.handle.net/1953/307</subfield>
          </datafield>
        </record>
      </metadata>
    </record>