
    <record>
      <header>
        <identifier>oai:urresearch3.rochester.edu:197</identifier>
        <datestamp>2011-03-01T17:28:35Z</datestamp>
        <setSpec>3:97</setSpec>
      </header>
      <metadata>
        <record xmlns="http://www.loc.gov/MARC21/slim">
          <leader>00000 am a2200000Ka 4500</leader>
          <controlfield tag="006">m        d        </controlfield>
          <controlfield tag="007">cr||||||||||||</controlfield>
          <controlfield tag="008">      s2003            s           eng  </controlfield>
          <datafield ind1="1" ind2=" " tag="100">
            <subfield code="a">Shen, Xipeng.</subfield>
            <subfield code="4">aut</subfield>
          </datafield>
          <datafield ind1="1" ind2="0" tag="245">
            <subfield code="a">Adaptive Data Partitioning Using Probability Distribution</subfield>
            <subfield code="h">[electronic resource] /</subfield>
            <subfield code="c">Xipeng Shen.</subfield>
          </datafield>
          <datafield ind1=" " ind2=" " tag="260">
            <subfield code="b">University of Rochester. Computer Science Department., </subfield>
            <subfield code="c">2003.</subfield>
          </datafield>
          <datafield ind1="1" ind2=" " tag="490">
            <subfield code="a">UR CSD;</subfield>
            <subfield code="v">TR823</subfield>
          </datafield>
          <datafield ind1="3" ind2=" " tag="520">
            <subfield code="a">Many computing problems benefit from dynamic data partitioning&#x2014;dividing a large  amount of data into smaller chunks with better locality. When data can be sorted, two  methods are commonly used in partitioning. The first selects pivots, which enable balanced  partitioning but cause a large overhead of up to half of the sorting time. The  second method uses simple functions, which is fast but requires that the input data con-  firm to a uniform distribution. In this paper, we propose a new method, which partitions  data using the cumulative distribution function. It partitions data of any distribution in  linear time, independent to the number of sublists to be partitioned into. Experiments  show 10-30% improvement in partitioning balance and 20-70% reduction in partitioning  overhead. The new method is more scalable than existing methods. It yields greater  benefit when the data set and the number of sub-lists grow larger. By applying this  method, our sequential sorting beats Quick-sorting by 20% and parallel sorting exceeds  the previous sorting algorithm by 33-50%.</subfield>
          </datafield>
          <datafield ind1=" " ind2=" " tag="538">
            <subfield code="a">System requirements: PDF viewer/reader.</subfield>
          </datafield>
          <datafield ind1=" " ind2=" " tag="540">
            <subfield code="a">This item is protected by copyright, with all rights reserved.</subfield>
          </datafield>
          <datafield ind1=" " ind2=" " tag="653">
            <subfield code="a">sorting.</subfield>
          </datafield>
          <datafield ind1=" " ind2=" " tag="653">
            <subfield code="a">data partitioning.</subfield>
          </datafield>
          <datafield ind1=" " ind2=" " tag="653">
            <subfield code="a">adaptive partitioning.</subfield>
          </datafield>
          <datafield ind1=" " ind2=" " tag="653">
            <subfield code="a">probability distribution.</subfield>
          </datafield>
          <datafield ind1=" " ind2=" " tag="653">
            <subfield code="a">parallel sorting.</subfield>
          </datafield>
          <datafield ind1="1" ind2=" " tag="700">
            <subfield code="a">Zhong, Yutao.</subfield>
            <subfield code="4">aut</subfield>
          </datafield>
          <datafield ind1="1" ind2=" " tag="700">
            <subfield code="a">Ding, Chen.</subfield>
            <subfield code="4">aut</subfield>
          </datafield>
          <datafield ind1=" " ind2="0" tag="830">
            <subfield code="a">UR CSD;</subfield>
            <subfield code="v">TR823</subfield>
          </datafield>
          <datafield ind1="4" ind2="0" tag="856">
            <subfield code="u">http://hdl.handle.net/1953/308</subfield>
          </datafield>
        </record>
      </metadata>
    </record>