
    <record>
      <header>
        <identifier>oai:urresearch3.rochester.edu:198</identifier>
        <datestamp>2011-03-01T17:28:35Z</datestamp>
        <setSpec>3:97</setSpec>
      </header>
      <metadata>
        <record xmlns="http://www.loc.gov/MARC21/slim">
          <leader>00000 am a2200000Ka 4500</leader>
          <controlfield tag="006">m        d        </controlfield>
          <controlfield tag="007">cr||||||||||||</controlfield>
          <controlfield tag="008">      s2003            s           eng  </controlfield>
          <datafield ind1="1" ind2=" " tag="100">
            <subfield code="a">Shen, Xipeng.</subfield>
            <subfield code="4">aut</subfield>
          </datafield>
          <datafield ind1="1" ind2="0" tag="245">
            <subfield code="a">Predicting Hierarchical Phases in Program Data Behavior</subfield>
            <subfield code="h">[electronic resource] /</subfield>
            <subfield code="c">Xipeng Shen.</subfield>
          </datafield>
          <datafield ind1=" " ind2=" " tag="260">
            <subfield code="b">University of Rochester. Computer Science Department., </subfield>
            <subfield code="c">2003.</subfield>
          </datafield>
          <datafield ind1="1" ind2=" " tag="490">
            <subfield code="a">UR CSD;</subfield>
            <subfield code="v">TR824</subfield>
          </datafield>
          <datafield ind1="3" ind2=" " tag="520">
            <subfield code="a">Computer memory hierarchy becomes increasingly powerful but  also more complex to optimize. Run-time adaptation emerges as a  promising strategy. For software, it means adjusting data behavior  at different phases of an execution. For hardware, it means recon-  figuring the memory system at different times.  This paper presents a method that predicts the memory phases of  a program when it runs. The analysis first detects memory phases in  a profiling run using variable-distance sampling, wavelet filtering,  and optimal phase partition. It then identifies the phase hierarchy  through grammar compression. Finally, it inserts phase markers  into a program through binary rewriting. The technique is a unique  combination of locality profiling and phase prediction.  The new method is tested on a wide range of programs against  programmer manual analysis and pure hardware monitoring. It predicts  program executions that are thousands of times longer than  profiling runs. The average length of the predicted phases is over  700 million instructions, and the length is predicted with 99.5%  accuracy. When tested for cache adaptation, it reduces the cache  size by 40% without increasing the number of cache misses. These  results suggest that phase prediction can significantly improve the  many adaptation techniques now used for increasing performance,  reducing energy, and other improvements to the computer system  design.</subfield>
          </datafield>
          <datafield ind1=" " ind2=" " tag="538">
            <subfield code="a">System requirements: PDF viewer/reader.</subfield>
          </datafield>
          <datafield ind1=" " ind2=" " tag="540">
            <subfield code="a">This item is protected by copyright, with all rights reserved.</subfield>
          </datafield>
          <datafield ind1=" " ind2=" " tag="653">
            <subfield code="a">phase prediction.</subfield>
          </datafield>
          <datafield ind1=" " ind2=" " tag="653">
            <subfield code="a">data locality.</subfield>
          </datafield>
          <datafield ind1=" " ind2=" " tag="653">
            <subfield code="a">reuse distance.</subfield>
          </datafield>
          <datafield ind1=" " ind2=" " tag="653">
            <subfield code="a">wavelet.</subfield>
          </datafield>
          <datafield ind1=" " ind2=" " tag="653">
            <subfield code="a">shortest path.</subfield>
          </datafield>
          <datafield ind1=" " ind2=" " tag="653">
            <subfield code="a">hierarchical phase.</subfield>
          </datafield>
          <datafield ind1=" " ind2=" " tag="653">
            <subfield code="a">phase detection.</subfield>
          </datafield>
          <datafield ind1="1" ind2=" " tag="700">
            <subfield code="a">Zhong, Yutao.</subfield>
            <subfield code="4">aut</subfield>
          </datafield>
          <datafield ind1="1" ind2=" " tag="700">
            <subfield code="a">Ding, Chen.</subfield>
            <subfield code="4">aut</subfield>
          </datafield>
          <datafield ind1=" " ind2="0" tag="830">
            <subfield code="a">UR CSD;</subfield>
            <subfield code="v">TR824</subfield>
          </datafield>
          <datafield ind1="4" ind2="0" tag="856">
            <subfield code="u">http://hdl.handle.net/1953/309</subfield>
          </datafield>
        </record>
      </metadata>
    </record>