
    <record>
      <header>
        <identifier>oai:urresearch3.rochester.edu:200</identifier>
        <datestamp>2011-03-01T17:28:35Z</datestamp>
        <setSpec>3:97</setSpec>
      </header>
      <metadata>
        <record xmlns="http://www.loc.gov/MARC21/slim">
          <leader>00000 am a2200000Ka 4500</leader>
          <controlfield tag="006">m        d        </controlfield>
          <controlfield tag="007">cr||||||||||||</controlfield>
          <controlfield tag="008">      s2003            s           eng  </controlfield>
          <datafield ind1="1" ind2=" " tag="100">
            <subfield code="a">Studer, Ahren.</subfield>
            <subfield code="4">aut</subfield>
          </datafield>
          <datafield ind1="1" ind2="3" tag="245">
            <subfield code="a">An Interactive 3-D Visualization Tool for Accurate Estimation of Miss Rates</subfield>
            <subfield code="h">[electronic resource] /</subfield>
            <subfield code="c">Ahren Studer.</subfield>
          </datafield>
          <datafield ind1=" " ind2=" " tag="260">
            <subfield code="b">University of Rochester. Computer Science Department., </subfield>
            <subfield code="c">2003.</subfield>
          </datafield>
          <datafield ind1="1" ind2=" " tag="490">
            <subfield code="a">UR CSD;</subfield>
            <subfield code="v">TR826</subfield>
          </datafield>
          <datafield ind1="3" ind2=" " tag="520">
            <subfield code="a">Making use of information on cache performance requires a quick way to comprehend how the miss  rate for an application changes as cache and input size varies. In 1970, Mattson et al. showed how to  measure miss rates for all cache sizes. Recently, Zhong et al. showed how to predict miss rates for all  program input data sizes. This paper builds on the previous results and shows the miss rate of a program  as a function over the domain with cache and data input size as two orthogonal dimensions. This paper  makes three contributions. First, it presents an interactive tool that visualizes the miss rates in threedimensional  plots. It measures the compounded error of prediction for different cache sizes for program  inputs that are never ran let along simulated on a cache simulator. Second, it applies predictions to a new  set of benchmark programs with dynamic data structures. Finally, it discusses possible uses of the new  tool. Experiments show that the compounded prediction error for the hit rate is within 6.5% for caches  of all sizes and with a small amount of associativity. The visualization tool can run on any machine with  Java 3D. It can be downloaded from http://www.cs.rochester.edu/research/locality.</subfield>
          </datafield>
          <datafield ind1=" " ind2=" " tag="538">
            <subfield code="a">System requirements: PDF viewer/reader.</subfield>
          </datafield>
          <datafield ind1=" " ind2=" " tag="540">
            <subfield code="a">This item is protected by copyright, with all rights reserved.</subfield>
          </datafield>
          <datafield ind1=" " ind2=" " tag="653">
            <subfield code="a">reuse distance.</subfield>
          </datafield>
          <datafield ind1=" " ind2=" " tag="653">
            <subfield code="a">program analysis.</subfield>
          </datafield>
          <datafield ind1=" " ind2=" " tag="653">
            <subfield code="a">visualization.</subfield>
          </datafield>
          <datafield ind1=" " ind2=" " tag="653">
            <subfield code="a">reuse signature.</subfield>
          </datafield>
          <datafield ind1="1" ind2=" " tag="700">
            <subfield code="a">Zhong, Yutao.</subfield>
            <subfield code="4">aut</subfield>
          </datafield>
          <datafield ind1="1" ind2=" " tag="700">
            <subfield code="a">Ding, Chen.</subfield>
            <subfield code="4">aut</subfield>
          </datafield>
          <datafield ind1=" " ind2="0" tag="830">
            <subfield code="a">UR CSD;</subfield>
            <subfield code="v">TR826</subfield>
          </datafield>
          <datafield ind1="4" ind2="0" tag="856">
            <subfield code="u">http://hdl.handle.net/1953/311</subfield>
          </datafield>
        </record>
      </metadata>
    </record>