
    <record>
      <header>
        <identifier>oai:urresearch3.rochester.edu:201</identifier>
        <datestamp>2011-03-01T17:28:35Z</datestamp>
        <setSpec>3:97</setSpec>
      </header>
      <metadata>
        <record xmlns="http://www.loc.gov/MARC21/slim">
          <leader>00000 am a2200000Ka 4500</leader>
          <controlfield tag="006">m        d        </controlfield>
          <controlfield tag="007">cr||||||||||||</controlfield>
          <controlfield tag="008">      s2004            s           eng  </controlfield>
          <datafield ind1="1" ind2=" " tag="100">
            <subfield code="a">Shen, Kai.</subfield>
            <subfield code="4">aut</subfield>
          </datafield>
          <datafield ind1="1" ind2="0" tag="245">
            <subfield code="a">Distributed Hashtable on Pre-structured Overlay Networks</subfield>
            <subfield code="h">[electronic resource] /</subfield>
            <subfield code="c">Kai Shen.</subfield>
          </datafield>
          <datafield ind1=" " ind2=" " tag="260">
            <subfield code="b">University of Rochester. Computer Science Department., </subfield>
            <subfield code="c">2004.</subfield>
          </datafield>
          <datafield ind1="1" ind2=" " tag="490">
            <subfield code="a">UR CSD;</subfield>
            <subfield code="v">TR831</subfield>
          </datafield>
          <datafield ind1="3" ind2=" " tag="520">
            <subfield code="a">Internet overlay services must adapt to the substrate  network topology and link properties to achieve high  performance. A common overlay structure management  layer is desirable for enhancing the architectural modularity  of service design and deployment. For instance, new  link probing techniques can be incorporated into the common  structure layer such that a large number of overlay  services can benefit transparently. Additionally, a shared  substrate-aware overlay structure can potentially reduce  redundant per-service link-selection probing when overlay  nodes participate in multiple services. The concept  of building services on a common structure management  layer fits well with unstructured services, those that do  not place specific requirements on the overlay connectivity  structure (e.g., Gnutella).  Despite the benefits, it is unclear how the distributed  hashtable (DHT) service can take advantage of a serviceindependent  structure management layer, considering  recently proposed scalable DHT protocols all employ  protocol-specific overlay structures. In this paper, we  present the design of a self-organizing DHT protocol  based on the Landmark Hierarchy. Coupled with a simple  low-latency overlay structure management protocol, this  approach can support low-latency DHT lookup without  any service-specific requirement on the overlay structure.  Compared with Chord, a well-known DHT protocol, simulations  and experimentation on 51 PlanetLab sites find  that the proposed scheme can deliver better lookup performance  (reducing the lookup latency by almost half) under  the same link density. This benefit is achieved at the cost  of less balanced lookup routing overhead. Our evaluation  also demonstrates that the balance of key placement and  fault tolerance for the proposed scheme are close to those  of Chord. However, our approach produces more key reassignments  after overlay membership changes, due to its  structure-sensitive DHT mapping scheme.</subfield>
          </datafield>
          <datafield ind1=" " ind2=" " tag="538">
            <subfield code="a">System requirements: PDF viewer/reader.</subfield>
          </datafield>
          <datafield ind1=" " ind2=" " tag="540">
            <subfield code="a">This item is protected by copyright, with all rights reserved.</subfield>
          </datafield>
          <datafield ind1=" " ind2=" " tag="653">
            <subfield code="a">overlay networks.</subfield>
          </datafield>
          <datafield ind1=" " ind2=" " tag="653">
            <subfield code="a">performance evaluation.</subfield>
          </datafield>
          <datafield ind1=" " ind2=" " tag="653">
            <subfield code="a">distributed hashtable.</subfield>
          </datafield>
          <datafield ind1=" " ind2="0" tag="830">
            <subfield code="a">UR CSD;</subfield>
            <subfield code="v">TR831</subfield>
          </datafield>
          <datafield ind1="4" ind2="0" tag="856">
            <subfield code="u">http://hdl.handle.net/1953/312</subfield>
          </datafield>
        </record>
      </metadata>
    </record>