
    <record>
      <header>
        <identifier>oai:urresearch3.rochester.edu:202</identifier>
        <datestamp>2011-03-01T17:28:35Z</datestamp>
        <setSpec>3:97</setSpec>
      </header>
      <metadata>
        <record xmlns="http://www.loc.gov/MARC21/slim">
          <leader>00000 am a2200000Ka 4500</leader>
          <controlfield tag="006">m        d        </controlfield>
          <controlfield tag="007">cr||||||||||||</controlfield>
          <controlfield tag="008">      s2004            s           eng  </controlfield>
          <datafield ind1="1" ind2=" " tag="100">
            <subfield code="a">Semeraro, Greg.</subfield>
            <subfield code="4">aut</subfield>
          </datafield>
          <datafield ind1="1" ind2="0" tag="245">
            <subfield code="a">Improving Application Performance by Dynamically Trading Frequency for Complexity in a GALS Microprocessor</subfield>
            <subfield code="h">[electronic resource] /</subfield>
            <subfield code="c">Greg Semeraro.</subfield>
          </datafield>
          <datafield ind1=" " ind2=" " tag="260">
            <subfield code="b">University of Rochester. Computer Science Department., </subfield>
            <subfield code="c">2004.</subfield>
          </datafield>
          <datafield ind1="1" ind2=" " tag="490">
            <subfield code="a">UR CSD;</subfield>
            <subfield code="v">TR832</subfield>
          </datafield>
          <datafield ind1="3" ind2=" " tag="520">
            <subfield code="a">Microprocessors are traditionally designed to provide  "best overall" performance across a wide range of applications  and operating environments. Several groups have proposed  hardware techniques that save energy by "downsizing"  hardware resources that are underutilized by the current  application. We explore the converse: improving performance  by "upsizing" resources for which the application  has greater needs. Our proposal depends critically on  the ability to change frequencies independently in separate  domains of a globally asynchronous, locally synchronous  (GALS) microprocessor.  We use a variant of a multiple clock domain (MCD) processor,  with four independently clocked domains. Each domain  is streamlined with modest hardware structures for  very high clock frequency. Key structures can then be upsized  on demand to exploit more distant parallelism, improve  branch prediction, or increase cache capacity. Although  doing so requires decreasing the associated domain  frequency, other domain frequencies are unaffected. Measuring  across a broad suite of application benchmarks, we  find that configuring our MCD processor just once per application  yields performance 17.6% better, on average, than  that of the "best overall" fully synchronous design. By  adapting automatically to application phases, we can increase  this advantage to more than 20%.</subfield>
          </datafield>
          <datafield ind1=" " ind2=" " tag="538">
            <subfield code="a">System requirements: PDF viewer/reader.</subfield>
          </datafield>
          <datafield ind1=" " ind2=" " tag="540">
            <subfield code="a">This item is protected by copyright, with all rights reserved.</subfield>
          </datafield>
          <datafield ind1=" " ind2=" " tag="653">
            <subfield code="a">microprocessor architecture.</subfield>
          </datafield>
          <datafield ind1=" " ind2=" " tag="653">
            <subfield code="a">frequency and voltage scaling.</subfield>
          </datafield>
          <datafield ind1=" " ind2=" " tag="653">
            <subfield code="a">complexity adaptive processing (CAP).</subfield>
          </datafield>
          <datafield ind1=" " ind2=" " tag="653">
            <subfield code="a">accounting cache.</subfield>
          </datafield>
          <datafield ind1=" " ind2=" " tag="653">
            <subfield code="a">multiple clock domain (MCD) microarchitecture.</subfield>
          </datafield>
          <datafield ind1="1" ind2=" " tag="700">
            <subfield code="a">Albonesi, David H..</subfield>
            <subfield code="4">aut</subfield>
          </datafield>
          <datafield ind1="1" ind2=" " tag="700">
            <subfield code="a">Dropsho, Steven.</subfield>
            <subfield code="4">aut</subfield>
          </datafield>
          <datafield ind1="1" ind2=" " tag="700">
            <subfield code="a">Magklis, Grigorios.</subfield>
            <subfield code="4">aut</subfield>
          </datafield>
          <datafield ind1="1" ind2=" " tag="700">
            <subfield code="a">Scott, Michael Lee,</subfield>
            <subfield code="d">1959-</subfield>
            <subfield code="4">aut</subfield>
          </datafield>
          <datafield ind1=" " ind2="0" tag="830">
            <subfield code="a">UR CSD;</subfield>
            <subfield code="v">TR832</subfield>
          </datafield>
          <datafield ind1="4" ind2="0" tag="856">
            <subfield code="u">http://hdl.handle.net/1953/313</subfield>
          </datafield>
        </record>
      </metadata>
    </record>