
    <record>
      <header>
        <identifier>oai:urresearch3.rochester.edu:204</identifier>
        <datestamp>2011-03-01T17:28:35Z</datestamp>
        <setSpec>3:97</setSpec>
      </header>
      <metadata>
        <record xmlns="http://www.loc.gov/MARC21/slim">
          <leader>00000 am a2200000Ka 4500</leader>
          <controlfield tag="006">m        d        </controlfield>
          <controlfield tag="007">cr||||||||||||</controlfield>
          <controlfield tag="008">      s2004            s           eng  </controlfield>
          <datafield ind1="1" ind2=" " tag="100">
            <subfield code="a">Marathe, Virendra Jayant,</subfield>
            <subfield code="d">1977-</subfield>
            <subfield code="4">aut</subfield>
          </datafield>
          <datafield ind1="1" ind2="2" tag="245">
            <subfield code="a">A Qualitative Survey of Modern Software Transactional Memory Systems</subfield>
            <subfield code="h">[electronic resource] /</subfield>
            <subfield code="c">Virendra Jayant Marathe.</subfield>
          </datafield>
          <datafield ind1=" " ind2=" " tag="260">
            <subfield code="b">University of Rochester. Computer Science Department., </subfield>
            <subfield code="c">2004.</subfield>
          </datafield>
          <datafield ind1="1" ind2=" " tag="490">
            <subfield code="a">UR CSD;</subfield>
            <subfield code="v">TR839</subfield>
          </datafield>
          <datafield ind1="3" ind2=" " tag="520">
            <subfield code="a">Software Transactional Memory (STM) can be defined as a generic nonblocking synchroniza-  tion construct that allows correct sequential objects to be converted automatically into correct  concurrent objects. In STM, a transaction is defined as a sequence of instructions that atomi-  cally modifies a set of concurrent objects. The original STM proposed by Shavit and Touitou  worked on static transactions (wherein the concurrent objects being accessed by a transaction  were pre-determined). Recent STM research has focused on support for more realistic dynamic  transactions.  In this paper we present a qualitative survey of modern STM systems that support dynamic  transactions. More concretely, we describe the designs of three STM systems|a hash table  based STM system (Hash table STM) for shared memory words due to Harris and Fraser, and  two purely object-based STM systems, one due to Herlihy et al., the other due to Fraser. We also  present a detailed analysis of the Hash table STM and a qualitative comparison between the two  object-based STM systems. We identify a scalability drawback (that may be unacceptable in  some applications) in the Hash table STM and propose an LL/SC based variant that overcomes  this drawback. The qualitative comparison between the two object-based STM systems helps us  understand their various design peculiarities and the potential tradeoffs involved. Specifically,  we discuss object ownership acquire semantics, levels of indirection to access concurrent objects,  space utilization, transaction search overhead during conflict resolution, transaction validation  semantics, and contention management versus helping.</subfield>
          </datafield>
          <datafield ind1=" " ind2=" " tag="538">
            <subfield code="a">System requirements: PDF viewer/reader.</subfield>
          </datafield>
          <datafield ind1=" " ind2=" " tag="540">
            <subfield code="a">This item is protected by copyright, with all rights reserved.</subfield>
          </datafield>
          <datafield ind1=" " ind2=" " tag="653">
            <subfield code="a">nonblocking synchronization.</subfield>
          </datafield>
          <datafield ind1=" " ind2=" " tag="653">
            <subfield code="a">scalability.</subfield>
          </datafield>
          <datafield ind1=" " ind2=" " tag="653">
            <subfield code="a">obstruction freedom.</subfield>
          </datafield>
          <datafield ind1=" " ind2=" " tag="653">
            <subfield code="a">wait freedom.</subfield>
          </datafield>
          <datafield ind1=" " ind2=" " tag="653">
            <subfield code="a">contention management.</subfield>
          </datafield>
          <datafield ind1=" " ind2=" " tag="653">
            <subfield code="a">design tradeoffs.</subfield>
          </datafield>
          <datafield ind1=" " ind2=" " tag="653">
            <subfield code="a">software transactional memory..</subfield>
          </datafield>
          <datafield ind1="1" ind2=" " tag="700">
            <subfield code="a">Scott, Michael Lee,</subfield>
            <subfield code="d">1959-</subfield>
            <subfield code="4">aut</subfield>
          </datafield>
          <datafield ind1=" " ind2="0" tag="830">
            <subfield code="a">UR CSD;</subfield>
            <subfield code="v">TR839</subfield>
          </datafield>
          <datafield ind1="4" ind2="0" tag="856">
            <subfield code="u">http://hdl.handle.net/1953/315</subfield>
          </datafield>
        </record>
      </metadata>
    </record>