
    <record>
      <header>
        <identifier>oai:urresearch3.rochester.edu:205</identifier>
        <datestamp>2011-03-01T17:28:35Z</datestamp>
        <setSpec>3:97</setSpec>
      </header>
      <metadata>
        <record xmlns="http://www.loc.gov/MARC21/slim">
          <leader>00000 am a2200000Ka 4500</leader>
          <controlfield tag="006">m        d        </controlfield>
          <controlfield tag="007">cr||||||||||||</controlfield>
          <controlfield tag="008">      s2001            s           eng  </controlfield>
          <datafield ind1="1" ind2=" " tag="100">
            <subfield code="a">Chen, DeQing.</subfield>
            <subfield code="4">aut</subfield>
          </datafield>
          <datafield ind1="1" ind2="0" tag="245">
            <subfield code="a">Beyond S-DSM: Shared State for Distributed Systems</subfield>
            <subfield code="h">[electronic resource] /</subfield>
            <subfield code="c">DeQing Chen.</subfield>
          </datafield>
          <datafield ind1=" " ind2=" " tag="260">
            <subfield code="b">University of Rochester. Computer Science Department., </subfield>
            <subfield code="c">2001.</subfield>
          </datafield>
          <datafield ind1="1" ind2=" " tag="490">
            <subfield code="a">UR CSD;</subfield>
            <subfield code="v">TR744</subfield>
          </datafield>
          <datafield ind1="3" ind2=" " tag="520">
            <subfield code="a">InterWeave is a distributed middleware system that attempts to do for computer programs what  theWorldWideWeb did for human beings: make it dramatically simpler to share information across  the Internet. Specifically, InterWeave allows processes written in multiple languages, running on  heterogeneous machines, to share arbitrary typed data structures as if they resided in local memory.  In C, operations on shared data, including pointers, take precisely the same form as operations  on non-shared data. Sharing at all levels is supported seamlessly&#x2014;InterWeave can accommodate  hardware coherence and consistency within multiprocessors (level-1 sharing), software distributed  shared memory (SDSM) within tightly coupled clusters (level-2 sharing), and version-based coherence  and consistency across the Internet (level-3 sharing). Application-specific knowledge of  minimal coherence requirements is used to minimize communication. Consistency information is  maintained in a manner that allows scaling to large amounts of shared data.  We discuss the implementation of InterWeave in some detail, with a particular emphasis on  memory management; coherence and consistency; and communication and heterogeneity. We then  evaluate the performance and usability of the system. Anecdotal evidence suggests that the InterWeave  prototype significantly simplifies the construction of important distributed applications.  Quantitative evidence demonstrates that it achieves this simplification at acceptably modest cost.</subfield>
          </datafield>
          <datafield ind1=" " ind2=" " tag="538">
            <subfield code="a">System requirements: PDF viewer/reader.</subfield>
          </datafield>
          <datafield ind1=" " ind2=" " tag="540">
            <subfield code="a">This item is protected by copyright, with all rights reserved.</subfield>
          </datafield>
          <datafield ind1=" " ind2=" " tag="653">
            <subfield code="a">relaxed coherence.</subfield>
          </datafield>
          <datafield ind1=" " ind2=" " tag="653">
            <subfield code="a">software-distributed shared memory.</subfield>
          </datafield>
          <datafield ind1=" " ind2=" " tag="653">
            <subfield code="a">heterogeneity.</subfield>
          </datafield>
          <datafield ind1=" " ind2=" " tag="653">
            <subfield code="a">loosely-coupled distributed systems.</subfield>
          </datafield>
          <datafield ind1=" " ind2=" " tag="653">
            <subfield code="a">consistency.</subfield>
          </datafield>
          <datafield ind1="1" ind2=" " tag="700">
            <subfield code="a">Tang, Chunqiang.</subfield>
            <subfield code="4">aut</subfield>
          </datafield>
          <datafield ind1="1" ind2=" " tag="700">
            <subfield code="a">Chen, Xiangchuan.</subfield>
            <subfield code="4">aut</subfield>
          </datafield>
          <datafield ind1="1" ind2=" " tag="700">
            <subfield code="a">Dwarkadas, Sandhya.</subfield>
            <subfield code="4">aut</subfield>
          </datafield>
          <datafield ind1="1" ind2=" " tag="700">
            <subfield code="a">Scott, Michael Lee,</subfield>
            <subfield code="d">1959-</subfield>
            <subfield code="4">aut</subfield>
          </datafield>
          <datafield ind1=" " ind2="0" tag="830">
            <subfield code="a">UR CSD;</subfield>
            <subfield code="v">TR744</subfield>
          </datafield>
          <datafield ind1="4" ind2="0" tag="856">
            <subfield code="u">http://hdl.handle.net/1953/316</subfield>
          </datafield>
        </record>
      </metadata>
    </record>