
    <record>
      <header>
        <identifier>oai:urresearch3.rochester.edu:206</identifier>
        <datestamp>2011-03-01T17:28:35Z</datestamp>
        <setSpec>3:168:144</setSpec>
      </header>
      <metadata>
        <record xmlns="http://www.loc.gov/MARC21/slim">
          <leader>00000 am a2200000Ka 4500</leader>
          <controlfield tag="006">m        d        </controlfield>
          <controlfield tag="007">cr||||||||||||</controlfield>
          <controlfield tag="008">      s1992            s           eng  </controlfield>
          <datafield ind1="1" ind2=" " tag="100">
            <subfield code="a">Pook, Polly K..</subfield>
            <subfield code="4">aut</subfield>
          </datafield>
          <datafield ind1="1" ind2="0" tag="245">
            <subfield code="a">Contextually Dependent Control Strategies for Manipulation</subfield>
            <subfield code="h">[electronic resource] /</subfield>
            <subfield code="c">Polly K. Pook.</subfield>
          </datafield>
          <datafield ind1=" " ind2=" " tag="260">
            <subfield code="b">University of Rochester. Computer Science Department., </subfield>
            <subfield code="c">1992.</subfield>
          </datafield>
          <datafield ind1="1" ind2=" " tag="490">
            <subfield code="a">UR CSD;</subfield>
            <subfield code="v">TR416</subfield>
          </datafield>
          <datafield ind1="3" ind2=" " tag="520">
            <subfield code="a">Traditional analytic robotics defines grasping by knowing the task geometry and the forces acting on the manipulator precisely. This method is particularly important for non-compliant manipulators with few degrees of freedom, such as a parallel jaw gripper, that overconstrain the solution space. In contrast, the advent of anthropomorphic, high degree-of-freedom grippers allows us to use closed-loop strategies that depend heavily on the task context but do not require precise positioning knowledge. To demonstrate, a robotic hand flips a plastic egg, using the finger joint tendon tensions as the sole control signal. The manipulator is a compliant, sixteen degree-of-freedom, Utah/MIT hand mounted on a Puma 760 arm. The completion of each subtask, such as picking up the spatula, finding the pan, and sliding the spatula under the egg, is detected by sensing when the tensions of the hand tendons pass a threshold. Beyond this use of tendon tensions and the approximate starting position of the spatula and pan, no model of the task is constructed. The routine is found to be robust to different spatulas and to changes in the location and orientation of the spatula, egg, and table, with some exceptions. &lt;br&gt;  The egg-flipping example relies on interpreting fluctuating tension values within a known temporal sequence of actions. For instance, knowing when the manipulator is trying to touch the pan with the spatula provides the context to interpret changes in tendon tensions. Given the success of this task, we go on to propose a method for analyzing the temporal sensory output for tasks that have not been previously segmented. This method suggests a means for automatically generating robust force-control programs to perform previously teleoperated manipulation tasks.</subfield>
          </datafield>
          <datafield ind1=" " ind2=" " tag="538">
            <subfield code="a">System requirements: PDF viewer/reader.</subfield>
          </datafield>
          <datafield ind1=" " ind2=" " tag="540">
            <subfield code="a">This item is protected by copyright, with all rights reserved.</subfield>
          </datafield>
          <datafield ind1=" " ind2=" " tag="653">
            <subfield code="a">dexterous manipulation.</subfield>
          </datafield>
          <datafield ind1=" " ind2=" " tag="653">
            <subfield code="a">grasping.</subfield>
          </datafield>
          <datafield ind1=" " ind2=" " tag="653">
            <subfield code="a">Utah/MIT hand.</subfield>
          </datafield>
          <datafield ind1="1" ind2=" " tag="700">
            <subfield code="a">Ballard, Dana Harry.</subfield>
            <subfield code="4">aut</subfield>
          </datafield>
          <datafield ind1=" " ind2="0" tag="830">
            <subfield code="a">UR CSD;</subfield>
            <subfield code="v">TR416</subfield>
          </datafield>
          <datafield ind1="4" ind2="0" tag="856">
            <subfield code="u">http://hdl.handle.net/1953/318</subfield>
          </datafield>
        </record>
      </metadata>
    </record>