
    <record>
      <header>
        <identifier>oai:urresearch3.rochester.edu:207</identifier>
        <datestamp>2011-03-01T17:28:35Z</datestamp>
        <setSpec>3:168:144</setSpec>
      </header>
      <metadata>
        <record xmlns="http://www.loc.gov/MARC21/slim">
          <leader>00000 am a2200000Ka 4500</leader>
          <controlfield tag="006">m        d        </controlfield>
          <controlfield tag="007">cr||||||||||||</controlfield>
          <controlfield tag="008">      s1992            s           eng  </controlfield>
          <datafield ind1="1" ind2=" " tag="100">
            <subfield code="a">Chu, Man-Wai.</subfield>
            <subfield code="4">aut</subfield>
          </datafield>
          <datafield ind1="1" ind2="0" tag="245">
            <subfield code="a">Polhemus Coordinates and Polhemus-Puma Conversion</subfield>
            <subfield code="h">[electronic resource] /</subfield>
            <subfield code="c">Man-Wai Chu.</subfield>
          </datafield>
          <datafield ind1=" " ind2=" " tag="260">
            <subfield code="b">University of Rochester. Computer Science Department., </subfield>
            <subfield code="c">1992.</subfield>
          </datafield>
          <datafield ind1="1" ind2=" " tag="490">
            <subfield code="a">UR CSD;</subfield>
            <subfield code="v">TR427</subfield>
          </datafield>
          <datafield ind1=" " ind2=" " tag="500">
            <subfield code="a">This work was supervised by Christopher M. Brown and Polly Pook</subfield>
          </datafield>
          <datafield ind1="3" ind2=" " tag="520">
            <subfield code="a">A Polhemus 3Space Isotrak sensor system is used on the VPL Research DataGlove Model 2 to detect the glove's absolute position and orientation. The sensor system has two components: the Polhemus sensor and the Polhemus source. The sensor is attached to the back of the DataGlove. The sensor sends to the DataGlove Control Unit analog signals, which are converted into the Polhemus data--six parameters that represent the position and orientation of the sensor relative to the source. This document describes how the Polhemus devices work and how the Polhemus data should be interpreted. It also describes the transformation of the Polhemus output into the (X, Y, Z, O, A, T) space of the robot in the University of Rochester Robotics Laboratory. This transformation allows teleoperation of the robot through the use of the Polhemus devices.</subfield>
          </datafield>
          <datafield ind1=" " ind2=" " tag="540">
            <subfield code="a">This item is protected by copyright, with all rights reserved.</subfield>
          </datafield>
          <datafield ind1=" " ind2=" " tag="653">
            <subfield code="a">Polhemus sensor.</subfield>
          </datafield>
          <datafield ind1=" " ind2=" " tag="653">
            <subfield code="a">VPL DataGlove.</subfield>
          </datafield>
          <datafield ind1=" " ind2=" " tag="653">
            <subfield code="a">Polhemus source.</subfield>
          </datafield>
          <datafield ind1=" " ind2="0" tag="830">
            <subfield code="a">UR CSD;</subfield>
            <subfield code="v">TR427</subfield>
          </datafield>
          <datafield ind1="4" ind2="0" tag="856">
            <subfield code="u">http://hdl.handle.net/1953/319</subfield>
          </datafield>
        </record>
      </metadata>
    </record>