
    <record>
      <header>
        <identifier>oai:urresearch3.rochester.edu:208</identifier>
        <datestamp>2011-03-01T17:28:35Z</datestamp>
        <setSpec>3:168:144</setSpec>
      </header>
      <metadata>
        <record xmlns="http://www.loc.gov/MARC21/slim">
          <leader>00000 am a2200000Ka 4500</leader>
          <controlfield tag="006">m        d        </controlfield>
          <controlfield tag="007">cr||||||||||||</controlfield>
          <controlfield tag="008">      s1992            s           eng  </controlfield>
          <datafield ind1="1" ind2=" " tag="100">
            <subfield code="a">Wixson, Lambert E..</subfield>
            <subfield code="4">aut</subfield>
          </datafield>
          <datafield ind1="1" ind2="0" tag="245">
            <subfield code="a">Exploiting World Structure to Efficiently Search for Objects</subfield>
            <subfield code="h">[electronic resource] /</subfield>
            <subfield code="c">Lambert E. Wixson.</subfield>
          </datafield>
          <datafield ind1=" " ind2=" " tag="260">
            <subfield code="b">University of Rochester. Computer Science Department., </subfield>
            <subfield code="c">1992.</subfield>
          </datafield>
          <datafield ind1="1" ind2=" " tag="490">
            <subfield code="a">UR CSD;</subfield>
            <subfield code="v">TR434</subfield>
          </datafield>
          <datafield ind1="3" ind2=" " tag="520">
            <subfield code="a">This paper studies the task of using a mobile camera platform to search a region of space for a target object. Our goal is to maximize the efficiency of such searches. The problem is analyzed using a simple mathematical description of the factors that affect search efficiency. This analysis suggests that one way to improve efficiency is to take advantage of the spatial relationships in which the target object commonly participates. Searches that do so, which we call indirect searches, are modeled as two-stage processes that first find an intermediate object that commonly participates in a spatial relationship for the target object, and then look for the target in the restricted region specified by this relationship. A mathematical model of search efficiency is then used to analyze the efficiency of indirect search over a wide range of situations that vary the spatial structure of the domain as well as recognition performance. The model predicts that, for searches that involve rotating a camera about a fixed location, indirect searches improve efficiency by factors of 2 to 8. An implemented robot search system substantiates these predictions. Finally, we highlight some areas in need of further research if these efficiencies are to be achieved.</subfield>
          </datafield>
          <datafield ind1=" " ind2=" " tag="540">
            <subfield code="a">This item is protected by copyright, with all rights reserved.</subfield>
          </datafield>
          <datafield ind1=" " ind2=" " tag="653">
            <subfield code="a">object recognition.</subfield>
          </datafield>
          <datafield ind1=" " ind2=" " tag="653">
            <subfield code="a">object search.</subfield>
          </datafield>
          <datafield ind1=" " ind2=" " tag="653">
            <subfield code="a">knowledge-based vision.</subfield>
          </datafield>
          <datafield ind1=" " ind2=" " tag="653">
            <subfield code="a">active vision.</subfield>
          </datafield>
          <datafield ind1=" " ind2=" " tag="653">
            <subfield code="a">visual search.</subfield>
          </datafield>
          <datafield ind1=" " ind2="0" tag="830">
            <subfield code="a">UR CSD;</subfield>
            <subfield code="v">TR434</subfield>
          </datafield>
          <datafield ind1="4" ind2="0" tag="856">
            <subfield code="u">http://hdl.handle.net/1953/320</subfield>
          </datafield>
        </record>
      </metadata>
    </record>