
    <record>
      <header>
        <identifier>oai:urresearch3.rochester.edu:209</identifier>
        <datestamp>2004-06-28T18:04:24Z</datestamp>
        <setSpec>27:154</setSpec>
      </header>
      <metadata>
        <record xmlns="http://www.loc.gov/MARC21/slim">
          <leader>00000 am a2200000Ka 4500</leader>
          <controlfield tag="006">m        d        </controlfield>
          <controlfield tag="007">cr||||||||||||</controlfield>
          <controlfield tag="008">      s1999            s           eng  </controlfield>
          <datafield ind1="1" ind2=" " tag="100">
            <subfield code="a">Bryson, Norman.</subfield>
            <subfield code="4">aut</subfield>
          </datafield>
          <datafield ind1="1" ind2="0" tag="245">
            <subfield code="a">Todd Haynes's Poison and Queer Cinema</subfield>
            <subfield code="h">[electronic resource] /</subfield>
            <subfield code="c">Norman Bryson.</subfield>
          </datafield>
          <datafield ind1=" " ind2=" " tag="260">
            <subfield code="a">Graduate Program in Visual and Cultural Studies :</subfield>
            <subfield code="b">University of Rochester., </subfield>
            <subfield code="c">1999.</subfield>
          </datafield>
          <datafield ind1="3" ind2=" " tag="520">
            <subfield code="a">The aim of this first section of the discussion is to create at least a provisional sense of the aesthetic and political aims of queer cinema. Later, I will be discussing Todd Haynes as pioneering throughout his career a particularly interesting kind of queer film-making, though our focus here will be on a single film, &lt;I&gt;Poison&lt;/I&gt;, from 1990.</subfield>
          </datafield>
          <datafield ind1=" " ind2=" " tag="524">
            <subfield code="a">Bryson, Norman. "Todd Haynes's Poison and Queer Cinema." Invisible Culture: An Electronic Journal for Visual Studies. Issue 1, Winter 1999. Visual &amp; Cultural Studies Program, University of Rochester.</subfield>
          </datafield>
          <datafield ind1=" " ind2=" " tag="538">
            <subfield code="a">System requirements: PDF viewer/reader.</subfield>
          </datafield>
          <datafield ind1=" " ind2=" " tag="540">
            <subfield code="a">This item is protected by copyright, with all rights reserved.</subfield>
          </datafield>
          <datafield ind1=" " ind2=" " tag="653">
            <subfield code="a">cinema.</subfield>
          </datafield>
          <datafield ind1=" " ind2=" " tag="653">
            <subfield code="a">film-making.</subfield>
          </datafield>
          <datafield ind1=" " ind2=" " tag="653">
            <subfield code="a">Haynes, Todd.</subfield>
          </datafield>
          <datafield ind1=" " ind2=" " tag="653">
            <subfield code="a">queer studies.</subfield>
          </datafield>
          <datafield ind1="4" ind2="0" tag="856">
            <subfield code="u">http://hdl.handle.net/1953/324</subfield>
          </datafield>
        </record>
      </metadata>
    </record>