
    <record>
      <header>
        <identifier>oai:urresearch3.rochester.edu:210</identifier>
        <datestamp>2004-06-28T18:07:30Z</datestamp>
        <setSpec>27:154</setSpec>
      </header>
      <metadata>
        <record xmlns="http://www.loc.gov/MARC21/slim">
          <leader>00000 am a2200000Ka 4500</leader>
          <controlfield tag="006">m        d        </controlfield>
          <controlfield tag="007">cr||||||||||||</controlfield>
          <controlfield tag="008">      s1999            s           eng  </controlfield>
          <datafield ind1="1" ind2=" " tag="100">
            <subfield code="a">Crimp, Douglas.</subfield>
            <subfield code="4">aut</subfield>
          </datafield>
          <datafield ind1="1" ind2="0" tag="245">
            <subfield code="a">Getting the Warhol We Deserve: Cultural Studies and Queer Culture</subfield>
            <subfield code="h">[electronic resource] /</subfield>
            <subfield code="c">Douglas Crimp.</subfield>
          </datafield>
          <datafield ind1=" " ind2=" " tag="260">
            <subfield code="a">Graduate Program in Visual and Cultural Studies :</subfield>
            <subfield code="b">University of Rochester., </subfield>
            <subfield code="c">1999.</subfield>
          </datafield>
          <datafield ind1=" " ind2=" " tag="524">
            <subfield code="a">Crimp, Douglas. "Getting the Warhol We Deserve: Cultural Studies and Queer Culture." 1999. Invisible Culture: An Electronic Journal for Visual Studies. Issue 1, Winter 1999. Visual &amp; Cultural Studies Program, University of Rochester.</subfield>
          </datafield>
          <datafield ind1=" " ind2=" " tag="538">
            <subfield code="a">System requirements: PDF viewer/reader.</subfield>
          </datafield>
          <datafield ind1=" " ind2=" " tag="540">
            <subfield code="a">This item is protected by copyright, with all rights reserved.</subfield>
          </datafield>
          <datafield ind1=" " ind2=" " tag="653">
            <subfield code="a">Warhol's place in Art History.</subfield>
          </datafield>
          <datafield ind1=" " ind2=" " tag="653">
            <subfield code="a">Andy Warhol.</subfield>
          </datafield>
          <datafield ind1="4" ind2="0" tag="856">
            <subfield code="u">http://hdl.handle.net/1953/325</subfield>
          </datafield>
        </record>
      </metadata>
    </record>
    <record>
      <header>
        <identifier>oai:urresearch3.rochester.edu:211</identifier>
        <datestamp>2004-06-28T18:30:04Z</datestamp>
        <setSpec>27:154</setSpec>
      </header>
      <metadata>
        <record xmlns="http://www.loc.gov/MARC21/slim">
          <leader>00000 am a2200000Ka 4500</leader>
          <controlfield tag="006">m        d        </controlfield>
          <controlfield tag="007">cr||||||||||||</controlfield>
          <controlfield tag="008">      s1998            s           eng  </controlfield>
          <datafield ind1=" " ind2=" " tag="260">
            <subfield code="a">Graduate Program in Visual and Cultural Studies :</subfield>
            <subfield code="b">University of Rochester., </subfield>
            <subfield code="c">1998.</subfield>
          </datafield>
          <datafield ind1="3" ind2=" " tag="520">
            <subfield code="a">Table of contents page for issue 1. Contents are linked to their deposits in DSpace.</subfield>
          </datafield>
          <datafield ind1=" " ind2=" " tag="538">
            <subfield code="a">System requirements: PDF viewer/reader.</subfield>
          </datafield>
          <datafield ind1=" " ind2=" " tag="540">
            <subfield code="a">This item is protected by copyright, with all rights reserved.</subfield>
          </datafield>
          <datafield ind1=" " ind2=" " tag="653">
            <subfield code="a">list of articles.</subfield>
          </datafield>
          <datafield ind1=" " ind2=" " tag="653">
            <subfield code="a">contents.</subfield>
          </datafield>
          <datafield ind1="4" ind2="0" tag="856">
            <subfield code="u">http://hdl.handle.net/1953/326</subfield>
          </datafield>
        </record>
      </metadata>
    </record>