
    <record>
      <header>
        <identifier>oai:urresearch3.rochester.edu:212</identifier>
        <datestamp>2011-03-01T17:28:35Z</datestamp>
        <setSpec>3:168:144</setSpec>
      </header>
      <metadata>
        <record xmlns="http://www.loc.gov/MARC21/slim">
          <leader>00000 am a2200000Ka 4500</leader>
          <controlfield tag="006">m        d        </controlfield>
          <controlfield tag="007">cr||||||||||||</controlfield>
          <controlfield tag="008">      s2000            s           eng  </controlfield>
          <datafield ind1="1" ind2=" " tag="100">
            <subfield code="a">Nelson, Randal C..</subfield>
            <subfield code="4">aut</subfield>
          </datafield>
          <datafield ind1="1" ind2="0" tag="245">
            <subfield code="a">Minimally Supervised Acquisition of 3D Recognition Models from Images</subfield>
            <subfield code="h">[electronic resource] /</subfield>
            <subfield code="c">Randal C. Nelson.</subfield>
          </datafield>
          <datafield ind1=" " ind2=" " tag="260">
            <subfield code="b">University of Rochester. Computer Science Department., </subfield>
            <subfield code="c">2000.</subfield>
          </datafield>
          <datafield ind1="1" ind2=" " tag="490">
            <subfield code="a">UR CSD;</subfield>
            <subfield code="v">TR724</subfield>
          </datafield>
          <datafield ind1="3" ind2=" " tag="520">
            <subfield code="a">Image-based object recognition systems developed recently don't require the construction of a 3D geometric model, allowing recognition of objects for which current geometric recognition technologies do not apply. Such systems are typically trained with labeled, clean views that cover the whole viewing sphere and can sometimes handle generic, visually similar classes with moderate variation. It has been little explored whether such systems can be trained from imagery that is unlabeled, and whether they can be trained from imagery that is not trivially segmentable.   In this report we investigate how an object recognition system developed previously can be trained from clean images of objects with minimal supervision. After training this system on a single or a small number of views of each object, a simple learning algorithm is able to attract additional views to the object representation, building clusters of views belonging to the same object. We explore how the learning performance improves by extending the set of views, introducing a small amount of supervision, or using more complicated learning algorithms.</subfield>
          </datafield>
          <datafield ind1=" " ind2=" " tag="540">
            <subfield code="a">This item is protected by copyright, with all rights reserved.</subfield>
          </datafield>
          <datafield ind1=" " ind2=" " tag="653">
            <subfield code="a">learning.</subfield>
          </datafield>
          <datafield ind1=" " ind2=" " tag="653">
            <subfield code="a">minimal supervision.</subfield>
          </datafield>
          <datafield ind1=" " ind2=" " tag="653">
            <subfield code="a">object recognition.</subfield>
          </datafield>
          <datafield ind1=" " ind2=" " tag="653">
            <subfield code="a">view clusters.</subfield>
          </datafield>
          <datafield ind1="1" ind2=" " tag="700">
            <subfield code="a">Selinger, Andrea.</subfield>
            <subfield code="4">aut</subfield>
          </datafield>
          <datafield ind1=" " ind2="0" tag="830">
            <subfield code="a">UR CSD;</subfield>
            <subfield code="v">TR724</subfield>
          </datafield>
          <datafield ind1="4" ind2="0" tag="856">
            <subfield code="u">http://hdl.handle.net/1953/328</subfield>
          </datafield>
        </record>
      </metadata>
    </record>