
    <record>
      <header>
        <identifier>oai:urresearch3.rochester.edu:214</identifier>
        <datestamp>2011-03-01T17:28:35Z</datestamp>
        <setSpec>3:168:144</setSpec>
      </header>
      <metadata>
        <record xmlns="http://www.loc.gov/MARC21/slim">
          <leader>00000 am a2200000Ka 4500</leader>
          <controlfield tag="006">m        d        </controlfield>
          <controlfield tag="007">cr||||||||||||</controlfield>
          <controlfield tag="008">      s2000            s           eng  </controlfield>
          <datafield ind1="1" ind2=" " tag="100">
            <subfield code="a">Brown, Christopher M.,</subfield>
            <subfield code="d">1945-</subfield>
            <subfield code="4">aut</subfield>
          </datafield>
          <datafield ind1="1" ind2="0" tag="245">
            <subfield code="a">Optimal Selection of Camera Parameters for State Estimation of Static Systems: An Information Theoretic Approach</subfield>
            <subfield code="h">[electronic resource] /</subfield>
            <subfield code="c">Christopher M. Brown.</subfield>
          </datafield>
          <datafield ind1=" " ind2=" " tag="260">
            <subfield code="b">University of Rochester. Computer Science Department., </subfield>
            <subfield code="c">2000.</subfield>
          </datafield>
          <datafield ind1="1" ind2=" " tag="490">
            <subfield code="a">UR CSD;</subfield>
            <subfield code="v">TR732</subfield>
          </datafield>
          <datafield ind1="3" ind2=" " tag="520">
            <subfield code="a">In this paper we introduce a formalism for optimal sensor parameter selection for iterative state estimation in static systems. In contrast to common approaches, where a certain metric---for example, the mean squared error between true and estimated state---is optimized during state estimation, in this work the optimality is defined in terms of reduction in uncertainty in the state estimation process. The main assumption is that state estimation becomes more reliable if the uncertainty and ambiguity in the state estimation process can be reduced.   We consider a framework based on Shannon's information theory and select the camera parameters that maximize the mutual information, i.e., optimize the information that the captured image conveys about the true state of the system. The technique implicitly takes into account the a priori probabilities governing the computation of the mutual information. Thus a sequential decision process can be formed by treating the a priori probability at a certain time step in the decision process as the a posteriori probability of the previous time step.     We demonstrate the benefits of our approach using an object recognition scenario and an active pan/tilt/zoom camera. During the sequential decision process the camera looks to parts of the object that allow the most reliable distinction of similar looking objects. We performed experiments with discrete density representation as well as with continuous densities and Monte Carlo evaluation of the mutual information. The results show that the sequential decision process outperforms a random gaze control, both in the sense of recognition rate and number of views necessary to return a decision.</subfield>
          </datafield>
          <datafield ind1=" " ind2=" " tag="540">
            <subfield code="a">This item is protected by copyright, with all rights reserved.</subfield>
          </datafield>
          <datafield ind1=" " ind2=" " tag="653">
            <subfield code="a">sensor parameter selection.</subfield>
          </datafield>
          <datafield ind1=" " ind2=" " tag="653">
            <subfield code="a">sequential decision process.</subfield>
          </datafield>
          <datafield ind1=" " ind2=" " tag="653">
            <subfield code="a">state estimation.</subfield>
          </datafield>
          <datafield ind1=" " ind2=" " tag="653">
            <subfield code="a">active vision.</subfield>
          </datafield>
          <datafield ind1=" " ind2=" " tag="653">
            <subfield code="a">mutual information.</subfield>
          </datafield>
          <datafield ind1="1" ind2=" " tag="700">
            <subfield code="a">Denzler, Joachim.</subfield>
            <subfield code="4">aut</subfield>
          </datafield>
          <datafield ind1=" " ind2="0" tag="830">
            <subfield code="a">UR CSD;</subfield>
            <subfield code="v">TR732</subfield>
          </datafield>
          <datafield ind1="4" ind2="0" tag="856">
            <subfield code="u">http://hdl.handle.net/1953/330</subfield>
          </datafield>
        </record>
      </metadata>
    </record>