
    <record>
      <header>
        <identifier>oai:urresearch3.rochester.edu:216</identifier>
        <datestamp>2011-03-01T17:28:35Z</datestamp>
        <setSpec>3:168:144</setSpec>
      </header>
      <metadata>
        <record xmlns="http://www.loc.gov/MARC21/slim">
          <leader>00000 am a2200000Ka 4500</leader>
          <controlfield tag="006">m        d        </controlfield>
          <controlfield tag="007">cr||||||||||||</controlfield>
          <controlfield tag="008">      s2001            s           eng  </controlfield>
          <datafield ind1="1" ind2=" " tag="100">
            <subfield code="a">Selinger, Andrea.</subfield>
            <subfield code="4">aut</subfield>
          </datafield>
          <datafield ind1="1" ind2="0" tag="245">
            <subfield code="a">Minimally Supervised Acquisition of 3D Recognition Models from Cluttered Images</subfield>
            <subfield code="h">[electronic resource] /</subfield>
            <subfield code="c">Andrea Selinger.</subfield>
          </datafield>
          <datafield ind1=" " ind2=" " tag="260">
            <subfield code="b">University of Rochester. Computer Science Department., </subfield>
            <subfield code="c">2001.</subfield>
          </datafield>
          <datafield ind1="1" ind2=" " tag="490">
            <subfield code="a">UR CSD;</subfield>
            <subfield code="v">TR750</subfield>
          </datafield>
          <datafield ind1="3" ind2=" " tag="520">
            <subfield code="a">Appearance-based object recognition systems rely on training from imagery, which allows the recognition of objects without requiring a 3d geometric model. It has been little explored whether such systems can be trained from imagery that is unlabeled, and whether they can be trained from imagery that is not trivially segmentable. In this paper we present a method for minimally supervised training of a previously developed recognition system from unlabeled and unsegmented imagery. We show that the system can successfully extend an object representation extracted from one black background image to contain object features extracted from unlabeled cluttered images and can use the extended representation to improve recognition performance on a test set.</subfield>
          </datafield>
          <datafield ind1=" " ind2=" " tag="540">
            <subfield code="a">This item is protected by copyright, with all rights reserved.</subfield>
          </datafield>
          <datafield ind1=" " ind2=" " tag="653">
            <subfield code="a">object recognition.</subfield>
          </datafield>
          <datafield ind1=" " ind2=" " tag="653">
            <subfield code="a">learning.</subfield>
          </datafield>
          <datafield ind1=" " ind2=" " tag="653">
            <subfield code="a">minimal supervision.</subfield>
          </datafield>
          <datafield ind1=" " ind2=" " tag="653">
            <subfield code="a">cluttered backgrounds.</subfield>
          </datafield>
          <datafield ind1=" " ind2=" " tag="653">
            <subfield code="a">recognition performance.</subfield>
          </datafield>
          <datafield ind1="1" ind2=" " tag="700">
            <subfield code="a">Nelson, Randal C..</subfield>
            <subfield code="4">aut</subfield>
          </datafield>
          <datafield ind1=" " ind2="0" tag="830">
            <subfield code="a">UR CSD;</subfield>
            <subfield code="v">TR750</subfield>
          </datafield>
          <datafield ind1="4" ind2="0" tag="856">
            <subfield code="u">http://hdl.handle.net/1953/332</subfield>
          </datafield>
        </record>
      </metadata>
    </record>