
    <record>
      <header>
        <identifier>oai:urresearch3.rochester.edu:217</identifier>
        <datestamp>2011-03-01T17:28:35Z</datestamp>
        <setSpec>3:168:144</setSpec>
      </header>
      <metadata>
        <record xmlns="http://www.loc.gov/MARC21/slim">
          <leader>00000 am a2200000Ka 4500</leader>
          <controlfield tag="006">m        d        </controlfield>
          <controlfield tag="007">cr||||||||||||</controlfield>
          <controlfield tag="008">      s2001            s           eng  </controlfield>
          <datafield ind1="1" ind2=" " tag="100">
            <subfield code="a">Bhotika, Rahul.</subfield>
            <subfield code="4">aut</subfield>
          </datafield>
          <datafield ind1="1" ind2="2" tag="245">
            <subfield code="a">A Probabilistic Theory of Occupancy and Emptiness</subfield>
            <subfield code="h">[electronic resource] /</subfield>
            <subfield code="c">Rahul Bhotika.</subfield>
          </datafield>
          <datafield ind1=" " ind2=" " tag="260">
            <subfield code="b">University of Rochester. Computer Science Department., </subfield>
            <subfield code="c">2001.</subfield>
          </datafield>
          <datafield ind1="1" ind2=" " tag="490">
            <subfield code="a">UR CSD;</subfield>
            <subfield code="v">TR753</subfield>
          </datafield>
          <datafield ind1="3" ind2=" " tag="520">
            <subfield code="a">This paper addresses the inference of 3D shape from a set of &lt;I&gt;n&lt;/I&gt; noisy photos. We derive a probabilistic framework to specify what one can infer about 3D shape for arbitrarily-shaped, Lambertian scenes and arbitrary viewpoint configurations. Based on formal definitions of visibility, occupancy, emptiness, and photo-consistency, the theoretical development yields a formulation of the &lt;I&gt;Photo Hull Distribution&lt;/I&gt;, the tightest probabilistic bound on the scene's true shape that can be inferred from the photos. We show how to (1) express this distribution in terms of image measurements, (2) represent it compactly by assigning an occupancy probability to each point in space, and (3) design a stochastic reconstruction algorithm that draws fair samples (i.e., 3D photo hulls) from it. We also show experimental results on two complex scenes.</subfield>
          </datafield>
          <datafield ind1=" " ind2=" " tag="540">
            <subfield code="a">This item is protected by copyright, with all rights reserved.</subfield>
          </datafield>
          <datafield ind1=" " ind2=" " tag="653">
            <subfield code="a">N-view stereo.</subfield>
          </datafield>
          <datafield ind1=" " ind2=" " tag="653">
            <subfield code="a">3D occupancy.</subfield>
          </datafield>
          <datafield ind1=" " ind2=" " tag="653">
            <subfield code="a">visibility.</subfield>
          </datafield>
          <datafield ind1=" " ind2=" " tag="653">
            <subfield code="a">probabilistic photo-consistency.</subfield>
          </datafield>
          <datafield ind1="1" ind2=" " tag="700">
            <subfield code="a">Fleet, David J.</subfield>
            <subfield code="4">aut</subfield>
          </datafield>
          <datafield ind1="1" ind2=" " tag="700">
            <subfield code="a">Kutulakos, Kiriakos N..</subfield>
            <subfield code="4">aut</subfield>
          </datafield>
          <datafield ind1=" " ind2="0" tag="830">
            <subfield code="a">UR CSD;</subfield>
            <subfield code="v">TR753</subfield>
          </datafield>
          <datafield ind1="4" ind2="0" tag="856">
            <subfield code="u">http://hdl.handle.net/1953/333</subfield>
          </datafield>
        </record>
      </metadata>
    </record>