
    <record>
      <header>
        <identifier>oai:urresearch3.rochester.edu:221</identifier>
        <datestamp>2011-03-01T17:28:35Z</datestamp>
        <setSpec>3:168:144</setSpec>
      </header>
      <metadata>
        <record xmlns="http://www.loc.gov/MARC21/slim">
          <leader>00000 am a2200000Ka 4500</leader>
          <controlfield tag="006">m        d        </controlfield>
          <controlfield tag="007">cr||||||||||||</controlfield>
          <controlfield tag="008">      s2002            s           eng  </controlfield>
          <datafield ind1="1" ind2=" " tag="100">
            <subfield code="a">Hu, Bo.</subfield>
            <subfield code="4">aut</subfield>
          </datafield>
          <datafield ind1="1" ind2="0" tag="245">
            <subfield code="a">Interactive Indoor Scene Reconstruction from Image Mosaics using Cuboid Structure</subfield>
            <subfield code="h">[electronic resource] /</subfield>
            <subfield code="c">Bo Hu.</subfield>
          </datafield>
          <datafield ind1=" " ind2=" " tag="260">
            <subfield code="b">University of Rochester. Computer Science Department., </subfield>
            <subfield code="c">2002.</subfield>
          </datafield>
          <datafield ind1="1" ind2=" " tag="490">
            <subfield code="a">UR CSD;</subfield>
            <subfield code="v">TR787</subfield>
          </datafield>
          <datafield ind1="3" ind2=" " tag="520">
            <subfield code="a">We describe a method for reconstructing indoor scenes from image mosaics using prior knowledge of the cuboid structure of the environment. The method is inspired by traditional approaches to the camera pose estimation problems known as the &lt;B&gt;PnL&lt;/B&gt; and &lt;B&gt;PnA&lt;/B&gt; problems. We show that a cuboid can be reconstructed from the images of three of its corners. The necessary camera intrinsic parameters are obtained by self-calibration in the image mosaicking process. The major advantages of this method over methods such as single view metrology are (1) it can do metric reconstruction; (2) it is a closed form solution so it is numerically stable; and (3) it requires only minimal user interaction.</subfield>
          </datafield>
          <datafield ind1=" " ind2=" " tag="540">
            <subfield code="a">This item is protected by copyright, with all rights reserved.</subfield>
          </datafield>
          <datafield ind1=" " ind2=" " tag="653">
            <subfield code="a">scene reconstruction.</subfield>
          </datafield>
          <datafield ind1=" " ind2=" " tag="653">
            <subfield code="a">image mosaicking.</subfield>
          </datafield>
          <datafield ind1=" " ind2=" " tag="653">
            <subfield code="a">pose estimation.</subfield>
          </datafield>
          <datafield ind1="1" ind2=" " tag="700">
            <subfield code="a">Brown, Christopher M.,</subfield>
            <subfield code="d">1945-</subfield>
            <subfield code="4">aut</subfield>
          </datafield>
          <datafield ind1=" " ind2="0" tag="830">
            <subfield code="a">UR CSD;</subfield>
            <subfield code="v">TR787</subfield>
          </datafield>
          <datafield ind1="4" ind2="0" tag="856">
            <subfield code="u">http://hdl.handle.net/1953/338</subfield>
          </datafield>
        </record>
      </metadata>
    </record>