
    <record>
      <header>
        <identifier>oai:urresearch3.rochester.edu:222</identifier>
        <datestamp>2011-03-01T17:28:35Z</datestamp>
        <setSpec>3:168:144</setSpec>
      </header>
      <metadata>
        <record xmlns="http://www.loc.gov/MARC21/slim">
          <leader>00000 am a2200000Ka 4500</leader>
          <controlfield tag="006">m        d        </controlfield>
          <controlfield tag="007">cr||||||||||||</controlfield>
          <controlfield tag="008">      s2003            s           eng  </controlfield>
          <datafield ind1="1" ind2=" " tag="100">
            <subfield code="a">Sprague, Nathan R..</subfield>
            <subfield code="4">aut</subfield>
          </datafield>
          <datafield ind1="1" ind2="0" tag="245">
            <subfield code="a">Multiple-Goal Reinforcement Learning with Modular Sarsa(0)</subfield>
            <subfield code="h">[electronic resource] /</subfield>
            <subfield code="c">Nathan R. Sprague.</subfield>
          </datafield>
          <datafield ind1=" " ind2=" " tag="260">
            <subfield code="b">University of Rochester. Computer Science Department., </subfield>
            <subfield code="c">2003.</subfield>
          </datafield>
          <datafield ind1="1" ind2=" " tag="490">
            <subfield code="a">UR CSD;</subfield>
            <subfield code="v">TR798</subfield>
          </datafield>
          <datafield ind1="3" ind2=" " tag="520">
            <subfield code="a">We present a new algorithm, GM-Sarsa(0), for finding approximate solutions to multiple-goal reinforcement learning problems that are modeled as composite Markov decision processes. According to our formulation different sub-goals are modeled as MDPs that are coupled by the requirement that they share actions. Existing reinforcement learning algorithms address similar problem formulations by first finding optimal policies for the component MDPs, and then merging these into a policy for the composite task. The problem with such methods is that policies that are optimized separately may or may not perform well when they are merged into a composite solution. Instead of searching for optimal policies for the component MDPs in isolation, our approach finds good policies in the context of the composite task.</subfield>
          </datafield>
          <datafield ind1=" " ind2=" " tag="540">
            <subfield code="a">This item is protected by copyright, with all rights reserved.</subfield>
          </datafield>
          <datafield ind1=" " ind2=" " tag="653">
            <subfield code="a">reinforcement learning.</subfield>
          </datafield>
          <datafield ind1="1" ind2=" " tag="700">
            <subfield code="a">Ballard, Dana Harry.</subfield>
            <subfield code="4">aut</subfield>
          </datafield>
          <datafield ind1=" " ind2="0" tag="830">
            <subfield code="a">UR CSD;</subfield>
            <subfield code="v">TR798</subfield>
          </datafield>
          <datafield ind1="4" ind2="0" tag="856">
            <subfield code="u">http://hdl.handle.net/1953/339</subfield>
          </datafield>
        </record>
      </metadata>
    </record>