
    <record>
      <header>
        <identifier>oai:urresearch3.rochester.edu:223</identifier>
        <datestamp>2011-03-01T17:28:35Z</datestamp>
        <setSpec>3:168:144</setSpec>
      </header>
      <metadata>
        <record xmlns="http://www.loc.gov/MARC21/slim">
          <leader>00000 am a2200000Ka 4500</leader>
          <controlfield tag="006">m        d        </controlfield>
          <controlfield tag="007">cr||||||||||||</controlfield>
          <controlfield tag="008">      s1993            s           eng  </controlfield>
          <datafield ind1="1" ind2=" " tag="100">
            <subfield code="a">McCallum, R. Andrew.</subfield>
            <subfield code="4">aut</subfield>
          </datafield>
          <datafield ind1="1" ind2="0" tag="245">
            <subfield code="a">Learning with Incomplete Selective Perception</subfield>
            <subfield code="h">[electronic resource] /</subfield>
            <subfield code="c">R. Andrew McCallum.</subfield>
          </datafield>
          <datafield ind1=" " ind2=" " tag="260">
            <subfield code="b">University of Rochester. Computer Science Department., </subfield>
            <subfield code="c">1993.</subfield>
          </datafield>
          <datafield ind1="1" ind2=" " tag="490">
            <subfield code="a">UR CSD;</subfield>
            <subfield code="v">TR453</subfield>
          </datafield>
          <datafield ind1=" " ind2=" " tag="500">
            <subfield code="a">Thesis Proposal. Dana H. Ballard, thesis advisor.</subfield>
          </datafield>
          <datafield ind1="3" ind2=" " tag="520">
            <subfield code="a">An agent with selective perception focuses its sensors on those parts of the environment that are relevant to the task at hand. Selective perception is an efficient method of gathering information from the world, but it presents problems for a learning agent when different actions are required in situations for which the selective perception system cannot produce distinguishing outputs. If this happens the agent is said to have incomplete perception, and the agent may be able to use internal state determined by past perceptions and actions in order to choose the correct action.   &lt;BR&gt;&lt;BR&gt;  I propose research on learning algorithms that use short-term memory to disambiguate the incomplete perception that arises with selective perception. I present the Utile Distinction Memory (UDM) algorithm that solves the incomplete perception problem using a partially observable Markov decision process to represent the agent's internal state space. A significant feature of the algorithm is that it will build an internal state space proportionate to the task at hand, not as large as would be required to represent all of the perceivable world. A second algorithm, part of work in progress, will keep the advantages of UDM while improving learning speed and the ability to recognize the significance of memories that span multiple time steps.   &lt;BR&gt;&lt;BR&gt;  Learning to use memory is difficult and will require a strong bias to learn efficiently. I will investigate "learning by watching" as a method of providing bias. Two applications I propose to study are: driving a simulated car using vision from the driver's point of view; and setting a table with human cooperation or interference. Using the results of psychophysical experiments, I will compare my algorithm's perceptual actions with the perceptual actions made by human subjects.</subfield>
          </datafield>
          <datafield ind1=" " ind2=" " tag="540">
            <subfield code="a">This item is protected by copyright, with all rights reserved.</subfield>
          </datafield>
          <datafield ind1=" " ind2=" " tag="653">
            <subfield code="a">reinforcement learning.</subfield>
          </datafield>
          <datafield ind1=" " ind2=" " tag="653">
            <subfield code="a">active perception.</subfield>
          </datafield>
          <datafield ind1=" " ind2=" " tag="653">
            <subfield code="a">selective perception.</subfield>
          </datafield>
          <datafield ind1=" " ind2=" " tag="653">
            <subfield code="a">hidden state.</subfield>
          </datafield>
          <datafield ind1=" " ind2=" " tag="653">
            <subfield code="a">incomplete perception.</subfield>
          </datafield>
          <datafield ind1=" " ind2=" " tag="653">
            <subfield code="a">short-term memory.</subfield>
          </datafield>
          <datafield ind1=" " ind2="0" tag="830">
            <subfield code="a">UR CSD;</subfield>
            <subfield code="v">TR453</subfield>
          </datafield>
          <datafield ind1="4" ind2="0" tag="856">
            <subfield code="u">http://hdl.handle.net/1953/340</subfield>
          </datafield>
        </record>
      </metadata>
    </record>