
    <record>
      <header>
        <identifier>oai:urresearch3.rochester.edu:224</identifier>
        <datestamp>2011-03-01T17:28:35Z</datestamp>
        <setSpec>3:168:144</setSpec>
      </header>
      <metadata>
        <record xmlns="http://www.loc.gov/MARC21/slim">
          <leader>00000 am a2200000Ka 4500</leader>
          <controlfield tag="006">m        d        </controlfield>
          <controlfield tag="007">cr||||||||||||</controlfield>
          <controlfield tag="008">      s1993            s           eng  </controlfield>
          <datafield ind1="1" ind2=" " tag="100">
            <subfield code="a">Schneider, Jeff G..</subfield>
            <subfield code="4">aut</subfield>
          </datafield>
          <datafield ind1="1" ind2="0" tag="245">
            <subfield code="a">High Dimension Action Spaces in Robot Skill Learning</subfield>
            <subfield code="h">[electronic resource] /</subfield>
            <subfield code="c">Jeff G. Schneider.</subfield>
          </datafield>
          <datafield ind1=" " ind2=" " tag="260">
            <subfield code="b">University of Rochester. Computer Science Department., </subfield>
            <subfield code="c">1993.</subfield>
          </datafield>
          <datafield ind1="1" ind2=" " tag="490">
            <subfield code="a">UR CSD;</subfield>
            <subfield code="v">TR458</subfield>
          </datafield>
          <datafield ind1="3" ind2=" " tag="520">
            <subfield code="a">Table lookup with interpolation is used for many learning and adaptation tasks. Redundant mappings capture the important concept of "motor skill," which is important in real, behaving systems. Few, if any, robot skill implementations have dealt with redundant mappings, in which the space to be searched to create the table has much higher dimensionality than the table itself. A practical method for inverting redundant mappings is important in physical systems with limited time for trials. We present the "Guided Table Fill In" algorithm, which uses data already stored in the table to guide search through the space of potential table entries. The algorithm is illustrated and tested on a robot skill learning task both in simulation and on a robot with a flexible link. Our experiments show that the ability to search high dimensional action spaces efficiently allows skill learners to find new behaviors that are &lt;I&gt;qualitatively&lt;/I&gt; different from what they were presented or what the system designer may have expected. Thus the use of this technique can allow researchers to seek higher dimensional action spaces for their systems rather than constraining their search space at the risk of excluding the best actions.</subfield>
          </datafield>
          <datafield ind1=" " ind2=" " tag="540">
            <subfield code="a">This item is protected by copyright, with all rights reserved.</subfield>
          </datafield>
          <datafield ind1=" " ind2=" " tag="653">
            <subfield code="a">motor skills.</subfield>
          </datafield>
          <datafield ind1=" " ind2=" " tag="653">
            <subfield code="a">learning control.</subfield>
          </datafield>
          <datafield ind1=" " ind2=" " tag="653">
            <subfield code="a">open-loop control.</subfield>
          </datafield>
          <datafield ind1=" " ind2=" " tag="653">
            <subfield code="a">generalization.</subfield>
          </datafield>
          <datafield ind1=" " ind2="0" tag="830">
            <subfield code="a">UR CSD;</subfield>
            <subfield code="v">TR458</subfield>
          </datafield>
          <datafield ind1="4" ind2="0" tag="856">
            <subfield code="u">http://hdl.handle.net/1953/341</subfield>
          </datafield>
        </record>
      </metadata>
    </record>