
    <record>
      <header>
        <identifier>oai:urresearch3.rochester.edu:228</identifier>
        <datestamp>2011-03-01T17:28:35Z</datestamp>
        <setSpec>3:168:144</setSpec>
      </header>
      <metadata>
        <record xmlns="http://www.loc.gov/MARC21/slim">
          <leader>00000 am a2200000Ka 4500</leader>
          <controlfield tag="006">m        d        </controlfield>
          <controlfield tag="007">cr||||||||||||</controlfield>
          <controlfield tag="008">      s1994            s           eng  </controlfield>
          <datafield ind1="1" ind2=" " tag="100">
            <subfield code="a">Ballard, Dana Harry.</subfield>
            <subfield code="4">aut</subfield>
          </datafield>
          <datafield ind1="1" ind2="0" tag="245">
            <subfield code="a">Genetic Programming with Adaptive Representations</subfield>
            <subfield code="h">[electronic resource] /</subfield>
            <subfield code="c">Dana Harry Ballard.</subfield>
          </datafield>
          <datafield ind1=" " ind2=" " tag="260">
            <subfield code="b">University of Rochester. Computer Science Department., </subfield>
            <subfield code="c">1994.</subfield>
          </datafield>
          <datafield ind1="1" ind2=" " tag="490">
            <subfield code="a">UR CSD;</subfield>
            <subfield code="v">TR489</subfield>
          </datafield>
          <datafield ind1="3" ind2=" " tag="520">
            <subfield code="a">Machine learning aims towards the acquisition of knowledge based on either experience from the interaction with the external environment or by analyzing the internal problem-solving traces. Both approaches can be implemented in the Genetic Programming (GP) paradigm. Hillis [1990] proves in an ingenious way how the first approach can work. There have not been any significant tests to prove that GP can take advantage of its own search traces. This paper presents an approach to automatic discovery of functions in GP based on the ideas of discovery of useful building blocks by analyzing the evolution trace, generalizing of blocks to define new functions and finally adapting of the problem representation on-the-fly. Adaptation of the representation determines a hierarchical organization of the extended function set which enables a restructuring of the search space so that solutions can be found more easily. Complexity measures of solution trees are defined for an adaptive representation framework and empirical results are presented.</subfield>
          </datafield>
          <datafield ind1=" " ind2=" " tag="540">
            <subfield code="a">This item is protected by copyright, with all rights reserved.</subfield>
          </datafield>
          <datafield ind1=" " ind2=" " tag="653">
            <subfield code="a">learning.</subfield>
          </datafield>
          <datafield ind1=" " ind2=" " tag="653">
            <subfield code="a">genetic algorithms.</subfield>
          </datafield>
          <datafield ind1=" " ind2=" " tag="653">
            <subfield code="a">adaptive representation.</subfield>
          </datafield>
          <datafield ind1="1" ind2=" " tag="700">
            <subfield code="a">Rosca, Justinian P..</subfield>
            <subfield code="4">aut</subfield>
          </datafield>
          <datafield ind1=" " ind2="0" tag="830">
            <subfield code="a">UR CSD;</subfield>
            <subfield code="v">TR489</subfield>
          </datafield>
          <datafield ind1="4" ind2="0" tag="856">
            <subfield code="u">http://hdl.handle.net/1953/353</subfield>
          </datafield>
        </record>
      </metadata>
    </record>