
    <record>
      <header>
        <identifier>oai:urresearch3.rochester.edu:229</identifier>
        <datestamp>2011-03-01T17:28:35Z</datestamp>
        <setSpec>3:168:144</setSpec>
      </header>
      <metadata>
        <record xmlns="http://www.loc.gov/MARC21/slim">
          <leader>00000 am a2200000Ka 4500</leader>
          <controlfield tag="006">m        d        </controlfield>
          <controlfield tag="007">cr||||||||||||</controlfield>
          <controlfield tag="008">      s1994            s           eng  </controlfield>
          <datafield ind1="1" ind2=" " tag="100">
            <subfield code="a">McCallum, R. Andrew.</subfield>
            <subfield code="4">aut</subfield>
          </datafield>
          <datafield ind1="1" ind2="0" tag="245">
            <subfield code="a">First Results with Instance-Based State Identification for Reinforcement Learning</subfield>
            <subfield code="h">[electronic resource] /</subfield>
            <subfield code="c">R. Andrew McCallum.</subfield>
          </datafield>
          <datafield ind1=" " ind2=" " tag="260">
            <subfield code="b">University of Rochester. Computer Science Department., </subfield>
            <subfield code="c">1994.</subfield>
          </datafield>
          <datafield ind1="1" ind2=" " tag="490">
            <subfield code="a">UR CSD;</subfield>
            <subfield code="v">TR502</subfield>
          </datafield>
          <datafield ind1="3" ind2=" " tag="520">
            <subfield code="a">When a reinforcement learning agent's next course of action depends on information that is hidden from the sensors because of problems such as occlusion, restricted range, bounded field of view and limited attention, we say the agent suffers from the Hidden State Problem. State identification techniques use history information to uncover hidden state. Previous approaches to encoding history include: finite state machines [Chrisman 1992; McCallum 1992], recurrent neural networks [Lin and Mitchell 1992], and genetic programming with indexed memory [Teller 1994]. A chief disadvantage of all these techniques is their long training time.   This report presents Instance-Based State Identification, a new approach to reinforcement learning with state identification that learns with much fewer training steps. Noting that learning with history and learning in continuous spaces both share the property that they begin without knowing the granularity of the state space, the approach applies instance-based (or ``memory-based'') learning to history sequences---instead of recording instances in a continuous geometrical space, we record instances in action-perception-reward sequence space. The first implementation of this approach, called Nearest Sequence Memory, learns with an order of magnitude fewer steps than several previous approaches.</subfield>
          </datafield>
          <datafield ind1=" " ind2=" " tag="540">
            <subfield code="a">This item is protected by copyright, with all rights reserved.</subfield>
          </datafield>
          <datafield ind1=" " ind2=" " tag="653">
            <subfield code="a">hidden state.</subfield>
          </datafield>
          <datafield ind1=" " ind2=" " tag="653">
            <subfield code="a">reinforcement learning.</subfield>
          </datafield>
          <datafield ind1=" " ind2=" " tag="653">
            <subfield code="a">memory-based learning.</subfield>
          </datafield>
          <datafield ind1=" " ind2="0" tag="830">
            <subfield code="a">UR CSD;</subfield>
            <subfield code="v">TR502</subfield>
          </datafield>
          <datafield ind1="4" ind2="0" tag="856">
            <subfield code="u">http://hdl.handle.net/1953/354</subfield>
          </datafield>
        </record>
      </metadata>
    </record>