
    <record>
      <header>
        <identifier>oai:urresearch3.rochester.edu:230</identifier>
        <datestamp>2011-03-01T17:28:35Z</datestamp>
        <setSpec>3:168:144</setSpec>
      </header>
      <metadata>
        <record xmlns="http://www.loc.gov/MARC21/slim">
          <leader>00000 am a2200000Ka 4500</leader>
          <controlfield tag="006">m        d        </controlfield>
          <controlfield tag="007">cr||||||||||||</controlfield>
          <controlfield tag="008">      s1994            s           eng  </controlfield>
          <datafield ind1="1" ind2=" " tag="100">
            <subfield code="a">von Kaenel, Peter A..</subfield>
            <subfield code="4">aut</subfield>
          </datafield>
          <datafield ind1="1" ind2="0" tag="245">
            <subfield code="a">Real-World Shepherding---Combining Vision, Manipulation and Planning in Real Time</subfield>
            <subfield code="h">[electronic resource] /</subfield>
            <subfield code="c">Peter A. von Kaenel.</subfield>
          </datafield>
          <datafield ind1=" " ind2=" " tag="260">
            <subfield code="b">University of Rochester. Computer Science Department., </subfield>
            <subfield code="c">1994.</subfield>
          </datafield>
          <datafield ind1="1" ind2=" " tag="490">
            <subfield code="a">UR CSD;</subfield>
            <subfield code="v">TR530</subfield>
          </datafield>
          <datafield ind1="3" ind2=" " tag="520">
            <subfield code="a">Designing real-world applications can involve coordinating many pieces of hardware and integrating multiple software components. Increased processing power has allowed complex real-world applications to be designed, and there has been increasing interest in the issues involved in designing both the applications and their support. In this paper we describe the issues involved in designing the application. The shepherding application we have chosen is representative of many real-world applications. This report focuses on technical details. We describe the underlying hardware, including the camera, vision processing boards, processors, and puma robot arm. We then discuss the software components we designed to integrate the hardware components in real-time. At each stage we describe the trade-offs between the different possibilities and why the ones chosen were best suited for our environment. We also present results supporting our selection. At appropriate points we indicate underlying support that would have eased and improved our implementation.</subfield>
          </datafield>
          <datafield ind1=" " ind2=" " tag="540">
            <subfield code="a">This item is protected by copyright, with all rights reserved.</subfield>
          </datafield>
          <datafield ind1=" " ind2=" " tag="653">
            <subfield code="a">real-world applications.</subfield>
          </datafield>
          <datafield ind1=" " ind2=" " tag="653">
            <subfield code="a">SPARTAs.</subfield>
          </datafield>
          <datafield ind1=" " ind2=" " tag="653">
            <subfield code="a">Ephor.</subfield>
          </datafield>
          <datafield ind1=" " ind2=" " tag="653">
            <subfield code="a">runtime environments.</subfield>
          </datafield>
          <datafield ind1="1" ind2=" " tag="700">
            <subfield code="a">Wisniewski, Robert W.,</subfield>
            <subfield code="d">1968-</subfield>
            <subfield code="4">aut</subfield>
          </datafield>
          <datafield ind1=" " ind2="0" tag="830">
            <subfield code="a">UR CSD;</subfield>
            <subfield code="v">TR530</subfield>
          </datafield>
          <datafield ind1="4" ind2="0" tag="856">
            <subfield code="u">http://hdl.handle.net/1953/357</subfield>
          </datafield>
        </record>
      </metadata>
    </record>