
    <record>
      <header>
        <identifier>oai:urresearch3.rochester.edu:233</identifier>
        <datestamp>2004-06-30T23:29:34Z</datestamp>
        <setSpec>25:63</setSpec>
      </header>
      <metadata>
        <record xmlns="http://www.loc.gov/MARC21/slim">
          <leader>00000 cm a2200000Ka 4500</leader>
          <controlfield tag="006">m        d        </controlfield>
          <controlfield tag="007">cr||||||||||||</controlfield>
          <controlfield tag="008">      s1919            s           jpn  </controlfield>
          <datafield ind1="1" ind2=" " tag="100">
            <subfield code="a">Jongen, Joseph,</subfield>
            <subfield code="d">1873-1953.</subfield>
            <subfield code="4">aut</subfield>
          </datafield>
          <datafield ind1="1" ind2="0" tag="245">
            <subfield code="a">Pages intimes, Pour piano a&#x300; 4 ms. Op. 55.</subfield>
            <subfield code="h">[electronic resource] /</subfield>
            <subfield code="c">Joseph Jongen.</subfield>
          </datafield>
          <datafield ind1=" " ind2=" " tag="260">
            <subfield code="a">London :</subfield>
            <subfield code="b">Chester, </subfield>
            <subfield code="c">1919.</subfield>
          </datafield>
          <datafield ind1=" " ind2=" " tag="500">
            <subfield code="a">1 v. 30 cm. &lt;br&gt;  l. Il e&#x301;tait une fois.--2. Dansez, Mizelle.--3. Le bon chi&#x302;val.</subfield>
          </datafield>
          <datafield ind1=" " ind2=" " tag="538">
            <subfield code="a">System requirements: PDF viewer/reader.</subfield>
          </datafield>
          <datafield ind1=" " ind2=" " tag="540">
            <subfield code="a">This item is protected by copyright, with all rights reserved.</subfield>
          </datafield>
          <datafield ind1=" " ind2=" " tag="653">
            <subfield code="a">Piano music (4 hands).</subfield>
          </datafield>
          <datafield ind1="4" ind2="0" tag="856">
            <subfield code="u">http://hdl.handle.net/1953/361</subfield>
          </datafield>
        </record>
      </metadata>
    </record>