
    <record>
      <header>
        <identifier>oai:urresearch3.rochester.edu:237</identifier>
        <datestamp>2004-07-13T19:25:55Z</datestamp>
        <setSpec>18:126</setSpec>
      </header>
      <metadata>
        <record xmlns="http://www.loc.gov/MARC21/slim">
          <leader>00000 am a2200000Ka 4500</leader>
          <controlfield tag="006">m        d        </controlfield>
          <controlfield tag="007">cr||||||||||||</controlfield>
          <controlfield tag="008">      s2004            s           eng  </controlfield>
          <datafield ind1="1" ind2=" " tag="100">
            <subfield code="a">McCallum, Bennett T..</subfield>
            <subfield code="4">aut</subfield>
          </datafield>
          <datafield ind1="1" ind2="0" tag="245">
            <subfield code="a">China's Exchange Rate and Monetary Policy</subfield>
            <subfield code="h">[electronic resource] /</subfield>
            <subfield code="c">Bennett T. McCallum.</subfield>
          </datafield>
          <datafield ind1=" " ind2=" " tag="260">
            <subfield code="a">Bradley Policy Research Center :</subfield>
            <subfield code="b">William E. Simon Graduate School of Business Administration, University of Rochester, </subfield>
            <subfield code="c">2004.</subfield>
          </datafield>
          <datafield ind1="1" ind2=" " tag="490">
            <subfield code="a">PPS;</subfield>
            <subfield code="v">04-1</subfield>
          </datafield>
          <datafield ind1="3" ind2=" " tag="520">
            <subfield code="a">Recently there have been several efforts by officials of the U.S. government to  persuade the government of China to adopt a floating exchange rate for the renminbi  (RMB). According to most accounts, the U.S. motivation stems in large part from a belief  that the RMB's value would rise relative to the dollar, thereby making Chinese goods  temporarily more expensive in the United States and leading, presumably, to a temporary  reduction in China's bilateral trade surplus with the United States. Thus it is likely that what  these government officials actually desire is a RMB appreciation, not a floating rate. Such a  movement would perhaps be popular with U.S. manufacturers of export goods and with some  trade unions. For the U.S. government to base its position regarding Chinese policy on such  domestically- motivated and short-term considerations is, however, antithetical to free market  principles that stem from economic analysis and which our government usually promotes (at  least nominally).</subfield>
          </datafield>
          <datafield ind1=" " ind2=" " tag="524">
            <subfield code="a">http://www.somc.rochester.edu/May04/McCallum.pdf</subfield>
          </datafield>
          <datafield ind1=" " ind2=" " tag="538">
            <subfield code="a">System requirements: PDF viewer/reader.</subfield>
          </datafield>
          <datafield ind1=" " ind2=" " tag="540">
            <subfield code="a">This item is protected by copyright, with all rights reserved.</subfield>
          </datafield>
          <datafield ind1=" " ind2=" " tag="653">
            <subfield code="a">monetary policy.</subfield>
          </datafield>
          <datafield ind1=" " ind2=" " tag="653">
            <subfield code="a">exchange rates.</subfield>
          </datafield>
          <datafield ind1=" " ind2=" " tag="653">
            <subfield code="a">economic policy.</subfield>
          </datafield>
          <datafield ind1=" " ind2=" " tag="653">
            <subfield code="a">china.</subfield>
          </datafield>
          <datafield ind1=" " ind2="0" tag="830">
            <subfield code="a">PPS;</subfield>
            <subfield code="v">04-1</subfield>
          </datafield>
          <datafield ind1="4" ind2="0" tag="856">
            <subfield code="u">http://hdl.handle.net/1953/378</subfield>
          </datafield>
        </record>
      </metadata>
    </record>