
    <record>
      <header>
        <identifier>oai:urresearch3.rochester.edu:239</identifier>
        <datestamp>2004-07-13T19:35:07Z</datestamp>
        <setSpec>18:126</setSpec>
      </header>
      <metadata>
        <record xmlns="http://www.loc.gov/MARC21/slim">
          <leader>00000 am a2200000Ka 4500</leader>
          <controlfield tag="006">m        d        </controlfield>
          <controlfield tag="007">cr||||||||||||</controlfield>
          <controlfield tag="008">      s2004            s           eng  </controlfield>
          <datafield ind1="1" ind2=" " tag="100">
            <subfield code="a">Hess, Gregory D..</subfield>
            <subfield code="4">aut</subfield>
          </datafield>
          <datafield ind1="1" ind2="0" tag="245">
            <subfield code="a">Can We Avert the Next Financial Crisis?</subfield>
            <subfield code="h">[electronic resource] /</subfield>
            <subfield code="c">Gregory D. Hess.</subfield>
          </datafield>
          <datafield ind1=" " ind2=" " tag="260">
            <subfield code="a">Bradley Policy Research Center :</subfield>
            <subfield code="b">William E. Simon Graduate School of Business Administration, University of Rochester, </subfield>
            <subfield code="c">2004.</subfield>
          </datafield>
          <datafield ind1="1" ind2=" " tag="490">
            <subfield code="a">PPS;</subfield>
            <subfield code="v">04-1</subfield>
          </datafield>
          <datafield ind1="3" ind2=" " tag="520">
            <subfield code="a">Fannie Mae and Freddie Mac, two enormous Government Sponsored Enterprises  (GSE's), are intertwined into the core fabric of the U.S. housing market. These  institutions were designed to be intermediaries in the housing market. In theory, they  would purchase mortgage loans, bundle them up and sell them off &#x2013; in doing so they  would sell of the interest rate risk but still hold the credit risk. Given the illiquidity of the  mortgage market at that time, Fannie Mae's and Freddie Mac's provided the mortgage  market with the benefits of securitization and savers with the benefits of a diversified  saving's vehicle.  While there is no doubt that these GSE's helped establish the market they now  dominate, the fundamental question remains as to whether they still provide a benefit to  the housing market by passing along the ir access to a lower cost of funding. If the  answer is no, these GSE's could be fully privatized, remove the Government's implicit  guarantee, and then treat these organizations like any other financial institution by  standard regulation, supervision and oversight.</subfield>
          </datafield>
          <datafield ind1=" " ind2=" " tag="524">
            <subfield code="a">http://www.somc.rochester.edu/May04/Hess.pdf</subfield>
          </datafield>
          <datafield ind1=" " ind2=" " tag="538">
            <subfield code="a">System requirements: PDF viewer/reader.</subfield>
          </datafield>
          <datafield ind1=" " ind2=" " tag="540">
            <subfield code="a">This item is protected by copyright, with all rights reserved.</subfield>
          </datafield>
          <datafield ind1=" " ind2=" " tag="653">
            <subfield code="a">economic policy.</subfield>
          </datafield>
          <datafield ind1=" " ind2=" " tag="653">
            <subfield code="a">Freddie Mac.</subfield>
          </datafield>
          <datafield ind1=" " ind2=" " tag="653">
            <subfield code="a">Fannie Mae.</subfield>
          </datafield>
          <datafield ind1=" " ind2="0" tag="830">
            <subfield code="a">PPS;</subfield>
            <subfield code="v">04-1</subfield>
          </datafield>
          <datafield ind1="4" ind2="0" tag="856">
            <subfield code="u">http://hdl.handle.net/1953/380</subfield>
          </datafield>
        </record>
      </metadata>
    </record>