
    <record>
      <header>
        <identifier>oai:urresearch3.rochester.edu:242</identifier>
        <datestamp>2004-07-13T22:33:15Z</datestamp>
        <setSpec>18:126</setSpec>
      </header>
      <metadata>
        <record xmlns="http://www.loc.gov/MARC21/slim">
          <leader>00000 am a2200000Ka 4500</leader>
          <controlfield tag="006">m        d        </controlfield>
          <controlfield tag="007">cr||||||||||||</controlfield>
          <controlfield tag="008">      s2003            s           eng  </controlfield>
          <datafield ind1="1" ind2=" " tag="100">
            <subfield code="a">Hoskins, Lee.</subfield>
            <subfield code="4">aut</subfield>
          </datafield>
          <datafield ind1="1" ind2="0" tag="245">
            <subfield code="a">Property Rights in Iraq</subfield>
            <subfield code="h">[electronic resource] /</subfield>
            <subfield code="c">Lee Hoskins.</subfield>
          </datafield>
          <datafield ind1=" " ind2=" " tag="260">
            <subfield code="a">Bradley Policy Research Center :</subfield>
            <subfield code="b">William E. Simon Graduate School of Business Administration, University of Rochester, </subfield>
            <subfield code="c">2003.</subfield>
          </datafield>
          <datafield ind1="1" ind2=" " tag="490">
            <subfield code="a">PPS;</subfield>
            <subfield code="v">03-2</subfield>
          </datafield>
          <datafield ind1="3" ind2=" " tag="520">
            <subfield code="a">For the Bush administration to establish the basis for a  prosperous and democratic Iraq it must demolish Soviet styled  government ministries and state-owned enterprises and reestablish  a strong private property rights system. No matter how  well the Iraqi constitution is written or how many troops are in  place to secure the country, prosperity will elude the Iraqi people  if they do not have clear title to their property, including oil. To  wait for a future Iraqi government or the UN to do the job is to  invite conflict between entrenched interest, between regions and  between ethnic groups, over the main prize, oil. Assigning oil  rights to every Iraqi citizen now will avoid an enormous source of  future destabilization. Also, private ownership means Iraqis  would not have to wait for revenues as their oil is pumped from  reserves. Selling long-term oil leases would generate the money  up front.</subfield>
          </datafield>
          <datafield ind1=" " ind2=" " tag="524">
            <subfield code="a">http://www.somc.rochester.edu/Nov03/hoskins.pdf</subfield>
          </datafield>
          <datafield ind1=" " ind2=" " tag="538">
            <subfield code="a">System requirements: PDF viewer/reader.</subfield>
          </datafield>
          <datafield ind1=" " ind2=" " tag="540">
            <subfield code="a">This item is protected by copyright, with all rights reserved.</subfield>
          </datafield>
          <datafield ind1=" " ind2=" " tag="653">
            <subfield code="a">economic policy.</subfield>
          </datafield>
          <datafield ind1=" " ind2=" " tag="653">
            <subfield code="a">property rights.</subfield>
          </datafield>
          <datafield ind1=" " ind2=" " tag="653">
            <subfield code="a">oil.</subfield>
          </datafield>
          <datafield ind1=" " ind2=" " tag="653">
            <subfield code="a">Iraq.</subfield>
          </datafield>
          <datafield ind1=" " ind2="0" tag="830">
            <subfield code="a">PPS;</subfield>
            <subfield code="v">03-2</subfield>
          </datafield>
          <datafield ind1="4" ind2="0" tag="856">
            <subfield code="u">http://hdl.handle.net/1953/383</subfield>
          </datafield>
        </record>
      </metadata>
    </record>