
    <record>
      <header>
        <identifier>oai:urresearch3.rochester.edu:243</identifier>
        <datestamp>2004-07-13T22:41:04Z</datestamp>
        <setSpec>18:126</setSpec>
      </header>
      <metadata>
        <record xmlns="http://www.loc.gov/MARC21/slim">
          <leader>00000 am a2200000Ka 4500</leader>
          <controlfield tag="006">m        d        </controlfield>
          <controlfield tag="007">cr||||||||||||</controlfield>
          <controlfield tag="008">      s2003            s           eng  </controlfield>
          <datafield ind1="1" ind2=" " tag="100">
            <subfield code="a">Levy, Mickey D..</subfield>
            <subfield code="4">aut</subfield>
          </datafield>
          <datafield ind1="1" ind2="0" tag="245">
            <subfield code="a">Weak Labor Markets: Soft GDP Rebound or Structural Phenomenon?</subfield>
            <subfield code="h">[electronic resource] /</subfield>
            <subfield code="c">Mickey D. Levy.</subfield>
          </datafield>
          <datafield ind1=" " ind2=" " tag="260">
            <subfield code="a">Bradley Policy Research Center :</subfield>
            <subfield code="b">William E. Simon Graduate School of Business Administration, University of Rochester, </subfield>
            <subfield code="c">2003.</subfield>
          </datafield>
          <datafield ind1="1" ind2=" " tag="490">
            <subfield code="a">PPS;</subfield>
            <subfield code="v">03-2</subfield>
          </datafield>
          <datafield ind1=" " ind2=" " tag="500">
            <subfield code="a">Also published on October 30, 2003 as Banc of America Securities, &lt;i&gt;Economic and Financial Perspectives&lt;/i&gt;, Vol. 14, No. 5</subfield>
          </datafield>
          <datafield ind1="3" ind2=" " tag="520">
            <subfield code="a">With U.S. economic growth accelerating late in this second year of expansion, continued soft labor markets stand out as a glaring weakness. During the so-called "jobless recovery" of 1991-1992, employment began turning 15 months into the recovery; we are now 22 months past the November 2001 recession trough, and according to the establishment survey, with 7 consecutive monthly declines in payrolls prior to September's modest gain, private employment is 3.3 million, or 2.9%, below the trough. Manufacturing employment has declined for 38 consecutive months. While expectations for employment gains are building, an assortment of pessimistic explanations are gaining attention and headlines. They tend to imply that there has been a significant structural shift in labor markets and business production processes. One argument is that the sustained strong gains in labor productivity represent a "substitution" for labor, and that many of the job losses in recent years are permanent. A complementary explanation is that an acceleration of outsourcing of jobs overseas has substituted for domestic jobs. Both paint a pessimistic outlook for employment, and subsequently the sustainability of healthy economic expansion.</subfield>
          </datafield>
          <datafield ind1=" " ind2=" " tag="524">
            <subfield code="a">http://www.somc.rochester.edu/Nov03/Levy.pdf</subfield>
          </datafield>
          <datafield ind1=" " ind2=" " tag="538">
            <subfield code="a">System requirements: PDF viewer/reader.</subfield>
          </datafield>
          <datafield ind1=" " ind2=" " tag="540">
            <subfield code="a">This item is protected by copyright, with all rights reserved.</subfield>
          </datafield>
          <datafield ind1=" " ind2=" " tag="653">
            <subfield code="a">economic policy.</subfield>
          </datafield>
          <datafield ind1=" " ind2=" " tag="653">
            <subfield code="a">employment.</subfield>
          </datafield>
          <datafield ind1=" " ind2=" " tag="653">
            <subfield code="a">GDP.</subfield>
          </datafield>
          <datafield ind1="1" ind2=" " tag="700">
            <subfield code="a">Kretzmer, Peter E..</subfield>
            <subfield code="4">aut</subfield>
          </datafield>
          <datafield ind1=" " ind2="0" tag="830">
            <subfield code="a">PPS;</subfield>
            <subfield code="v">03-2</subfield>
          </datafield>
          <datafield ind1="4" ind2="0" tag="856">
            <subfield code="u">http://hdl.handle.net/1953/384</subfield>
          </datafield>
        </record>
      </metadata>
    </record>