
    <record>
      <header>
        <identifier>oai:urresearch3.rochester.edu:244</identifier>
        <datestamp>2004-07-13T22:46:01Z</datestamp>
        <setSpec>18:126</setSpec>
      </header>
      <metadata>
        <record xmlns="http://www.loc.gov/MARC21/slim">
          <leader>00000 am a2200000Ka 4500</leader>
          <controlfield tag="006">m        d        </controlfield>
          <controlfield tag="007">cr||||||||||||</controlfield>
          <controlfield tag="008">      s2003            s           eng  </controlfield>
          <datafield ind1="1" ind2=" " tag="100">
            <subfield code="a">McCallum, Bennett T..</subfield>
            <subfield code="4">aut</subfield>
          </datafield>
          <datafield ind1="1" ind2="0" tag="245">
            <subfield code="a">Misconceptions Regarding Rules vs. Discretion for Monetary Policy</subfield>
            <subfield code="h">[electronic resource] /</subfield>
            <subfield code="c">Bennett T. McCallum.</subfield>
          </datafield>
          <datafield ind1=" " ind2=" " tag="260">
            <subfield code="a">Bradley Policy Research Center :</subfield>
            <subfield code="b">William E. Simon Graduate School of Business Administration, University of Rochester, </subfield>
            <subfield code="c">2003.</subfield>
          </datafield>
          <datafield ind1="1" ind2=" " tag="490">
            <subfield code="a">PPS;</subfield>
            <subfield code="v">03-2</subfield>
          </datafield>
          <datafield ind1="3" ind2=" " tag="520">
            <subfield code="a">The first argument that I want to make is that the two groups, central bankers and  academics, evidently have different practices in mind when they refer to "monetary policy  rules." Thus there could be less actual disagreement between (e.g.) Greenspan and  Woodford than appearances and newspaper articles suggest. In fact, it is arguable that some  leading central banks are actually conducting policy now in a manner that is more consistent  with "rules" than "discretion," in the sense of these terms as used by academics.  My second argument, however, will be less cheerful. It is that the Fed seems to deny  or misunderstand the importance of the type of rule-based policymaking that academics have  in mind. This misunderstanding, furthermore, is currently contributing to the problems of  "communication with the public" that the Fed has been experiencing, as reported by Ip  (2003b). The problem, I will argue, is not primarily one of communication but one of policy  substance.</subfield>
          </datafield>
          <datafield ind1=" " ind2=" " tag="524">
            <subfield code="a">http://www.somc.rochester.edu/Nov03/McCallum.pdf</subfield>
          </datafield>
          <datafield ind1=" " ind2=" " tag="538">
            <subfield code="a">System requirements: PDF viewer/reader.</subfield>
          </datafield>
          <datafield ind1=" " ind2=" " tag="540">
            <subfield code="a">This item is protected by copyright, with all rights reserved.</subfield>
          </datafield>
          <datafield ind1=" " ind2=" " tag="653">
            <subfield code="a">economic policy.</subfield>
          </datafield>
          <datafield ind1=" " ind2=" " tag="653">
            <subfield code="a">monetary policy.</subfield>
          </datafield>
          <datafield ind1=" " ind2=" " tag="653">
            <subfield code="a">Federal Reserve.</subfield>
          </datafield>
          <datafield ind1=" " ind2=" " tag="653">
            <subfield code="a">Greenspan, Alan.</subfield>
          </datafield>
          <datafield ind1=" " ind2="0" tag="830">
            <subfield code="a">PPS;</subfield>
            <subfield code="v">03-2</subfield>
          </datafield>
          <datafield ind1="4" ind2="0" tag="856">
            <subfield code="u">http://hdl.handle.net/1953/385</subfield>
          </datafield>
        </record>
      </metadata>
    </record>