
    <record>
      <header>
        <identifier>oai:urresearch3.rochester.edu:246</identifier>
        <datestamp>2004-07-13T22:56:56Z</datestamp>
        <setSpec>18:126</setSpec>
      </header>
      <metadata>
        <record xmlns="http://www.loc.gov/MARC21/slim">
          <leader>00000 am a2200000Ka 4500</leader>
          <controlfield tag="006">m        d        </controlfield>
          <controlfield tag="007">cr||||||||||||</controlfield>
          <controlfield tag="008">      s2003            s           eng  </controlfield>
          <datafield ind1="1" ind2=" " tag="100">
            <subfield code="a">Plosser, Charles I..</subfield>
            <subfield code="4">aut</subfield>
          </datafield>
          <datafield ind1="1" ind2="0" tag="245">
            <subfield code="a">Government Spending, Deficits and Optimal Financial Policy</subfield>
            <subfield code="h">[electronic resource] /</subfield>
            <subfield code="c">Charles I. Plosser.</subfield>
          </datafield>
          <datafield ind1=" " ind2=" " tag="260">
            <subfield code="a">Bradley Policy Research Center :</subfield>
            <subfield code="b">William E. Simon Graduate School of Business Administration, University of Rochester, </subfield>
            <subfield code="c">2003.</subfield>
          </datafield>
          <datafield ind1="1" ind2=" " tag="490">
            <subfield code="a">PPS;</subfield>
            <subfield code="v">03-2</subfield>
          </datafield>
          <datafield ind1="3" ind2=" " tag="520">
            <subfield code="a">In general, economic theory suggests that how much the government spends is  of first-order importance in assessing the impact of government. The reason is spending  determines the resources absorbed or extracted from the private sector for government  activities. Whether the spending is raised through taxing the private sector or borrowing  from it matters less&#x2014;the resources are still unavailable for current use by the private  sector. Much of the public debate about the deficit is, in reality, a veiled debate about  spending. The debate, as it is carried-out, tends to deflect the important question of the  size of government into a question about the size of the deficit. Put another, less  charitable way, it allows those individuals who want bigger government and more  spending, to portray themselves as fiscally responsible because they want to eliminate  the deficit, but choose to do so primarily by raising tax revenue, not spending cuts.  In order to disentangle some of the many complexities and dispel some of the  myths involved in the public discussion, this note is divided into two parts. The first part  summarizes the facts about budget deficits and attempts to put some perspective on the current state of affairs from a historical point of view. The second section will summarize  some of the standard approaches to the analysis of budget deficits and use that analysis  to discuss how the government should think about optimal debt management and tax  policy.</subfield>
          </datafield>
          <datafield ind1=" " ind2=" " tag="524">
            <subfield code="a">http://www.somc.rochester.edu/Nov03/plosserII1103.pdf</subfield>
          </datafield>
          <datafield ind1=" " ind2=" " tag="538">
            <subfield code="a">System requirements: PDF viewer/reader.</subfield>
          </datafield>
          <datafield ind1=" " ind2=" " tag="540">
            <subfield code="a">This item is protected by copyright, with all rights reserved.</subfield>
          </datafield>
          <datafield ind1=" " ind2=" " tag="653">
            <subfield code="a">economic policy.</subfield>
          </datafield>
          <datafield ind1=" " ind2=" " tag="653">
            <subfield code="a">deficits.</subfield>
          </datafield>
          <datafield ind1=" " ind2=" " tag="653">
            <subfield code="a">financial policy.</subfield>
          </datafield>
          <datafield ind1=" " ind2="0" tag="830">
            <subfield code="a">PPS;</subfield>
            <subfield code="v">03-2</subfield>
          </datafield>
          <datafield ind1="4" ind2="0" tag="856">
            <subfield code="u">http://hdl.handle.net/1953/387</subfield>
          </datafield>
        </record>
      </metadata>
    </record>