
    <record>
      <header>
        <identifier>oai:urresearch3.rochester.edu:247</identifier>
        <datestamp>2004-07-13T23:01:25Z</datestamp>
        <setSpec>18:126</setSpec>
      </header>
      <metadata>
        <record xmlns="http://www.loc.gov/MARC21/slim">
          <leader>00000 am a2200000Ka 4500</leader>
          <controlfield tag="006">m        d        </controlfield>
          <controlfield tag="007">cr||||||||||||</controlfield>
          <controlfield tag="008">      s2003            s           eng  </controlfield>
          <datafield ind1="1" ind2=" " tag="100">
            <subfield code="a">Schwartz, Anna J..</subfield>
            <subfield code="4">aut</subfield>
          </datafield>
          <datafield ind1="1" ind2="0" tag="245">
            <subfield code="a">Interpreting the U.S. Current Account Deficit</subfield>
            <subfield code="h">[electronic resource] /</subfield>
            <subfield code="c">Anna J. Schwartz.</subfield>
          </datafield>
          <datafield ind1=" " ind2=" " tag="260">
            <subfield code="a">Bradley Policy Research Center :</subfield>
            <subfield code="b">William E. Simon Graduate School of Business Administration, University of Rochester, </subfield>
            <subfield code="c">2003.</subfield>
          </datafield>
          <datafield ind1="1" ind2=" " tag="490">
            <subfield code="a">PPS;</subfield>
            <subfield code="v">03-2</subfield>
          </datafield>
          <datafield ind1="3" ind2=" " tag="520">
            <subfield code="a">The U.S. current account balance is a summary of international transactions by firms,  households, and local, state and federal governments involving currently produced goods and  services. Table 1 lists the current account balance and its main components (cols. 1-4) at fiveyear  intervals from 1960 to 1990 and annually from 1991 to 2003 (covering the first two quarters  at an annual rate). The single main component of the current account balance is the balance of  merchandise trade (col.2), which has been negative and on a rising trend in each year since 1991.  Merchandise imports have exceeded merchandise exports by growing amounts. In contrast, sales  of services have regularly exceeded imports of services over the decade (col.3), but constituted  only a fraction of merchandise trade.</subfield>
          </datafield>
          <datafield ind1=" " ind2=" " tag="524">
            <subfield code="a">http://www.somc.rochester.edu/Nov03/schwartz.pdf</subfield>
          </datafield>
          <datafield ind1=" " ind2=" " tag="538">
            <subfield code="a">System requirements: PDF viewer/reader.</subfield>
          </datafield>
          <datafield ind1=" " ind2=" " tag="540">
            <subfield code="a">This item is protected by copyright, with all rights reserved.</subfield>
          </datafield>
          <datafield ind1=" " ind2=" " tag="653">
            <subfield code="a">economic policy.</subfield>
          </datafield>
          <datafield ind1=" " ind2=" " tag="653">
            <subfield code="a">deficit.</subfield>
          </datafield>
          <datafield ind1=" " ind2="0" tag="830">
            <subfield code="a">PPS;</subfield>
            <subfield code="v">03-2</subfield>
          </datafield>
          <datafield ind1="4" ind2="0" tag="856">
            <subfield code="u">http://hdl.handle.net/1953/388</subfield>
          </datafield>
        </record>
      </metadata>
    </record>