
    <record>
      <header>
        <identifier>oai:urresearch3.rochester.edu:248</identifier>
        <datestamp>2011-03-01T17:28:35Z</datestamp>
        <setSpec>3:168:144</setSpec>
      </header>
      <metadata>
        <record xmlns="http://www.loc.gov/MARC21/slim">
          <leader>00000 am a2200000Ka 4500</leader>
          <controlfield tag="006">m        d        </controlfield>
          <controlfield tag="007">cr||||||||||||</controlfield>
          <controlfield tag="008">      s1995            s           eng  </controlfield>
          <datafield ind1="1" ind2=" " tag="100">
            <subfield code="a">Brown, Christopher M.,</subfield>
            <subfield code="d">1945-</subfield>
            <subfield code="4">aut</subfield>
          </datafield>
          <datafield ind1="1" ind2="0" tag="245">
            <subfield code="a">Tutorial on Filtering, Restoration, and State Estimation</subfield>
            <subfield code="h">[electronic resource] /</subfield>
            <subfield code="c">Christopher M. Brown.</subfield>
          </datafield>
          <datafield ind1=" " ind2=" " tag="260">
            <subfield code="b">University of Rochester. Computer Science Department., </subfield>
            <subfield code="c">1995.</subfield>
          </datafield>
          <datafield ind1="1" ind2=" " tag="490">
            <subfield code="a">UR CSD;</subfield>
            <subfield code="v">TR534</subfield>
          </datafield>
          <datafield ind1="3" ind2=" " tag="520">
            <subfield code="a">This tutorial is dedicated to our long-suffering 442 students, and to the excellent authors from whom I shamelessly cribbed this work. It is a pure cut-and-paste job from my favorite sources on this material. This is not my own work---think of me as an editor working without his authors' permissions. Readers should know that original authors are usually easier to understand than rehashed versions. If this presentation helps you, good. If not it at least helped me sort a few things out.   I assume knowledge of all necessary linear systems theory, differential equations, statistics, control theory, etc. We start with the ideas of filtering, smoothing, prediction, and state estimation. Wiener filtering and its associated intellectual framework follows, with a brief foray into ARMA filtering. The idea of recursive estimation is introduced to give some motivation for the slog ahead, and then we start with basic concepts in maximum likelihood, maximum a posteriori, and least-squares estimation. The strategy is to work toward the Kalman filtering equations by showing how they are simply related to general least-squares estimation. After Kalman filtering, some simpler versions of recursive filters are presented. There are appendices on the orthogonality principle, the matrix inversion lemma, singular value decomposition, partial C and LISP code, and a worked example.</subfield>
          </datafield>
          <datafield ind1=" " ind2=" " tag="540">
            <subfield code="a">This item is protected by copyright, with all rights reserved.</subfield>
          </datafield>
          <datafield ind1=" " ind2=" " tag="653">
            <subfield code="a">state estimation.</subfield>
          </datafield>
          <datafield ind1=" " ind2=" " tag="653">
            <subfield code="a">filtering.</subfield>
          </datafield>
          <datafield ind1=" " ind2=" " tag="653">
            <subfield code="a">ARMA filter.</subfield>
          </datafield>
          <datafield ind1=" " ind2=" " tag="653">
            <subfield code="a">image restoration.</subfield>
          </datafield>
          <datafield ind1=" " ind2=" " tag="653">
            <subfield code="a">Wiener filter.</subfield>
          </datafield>
          <datafield ind1=" " ind2=" " tag="653">
            <subfield code="a">least squares estimation.</subfield>
          </datafield>
          <datafield ind1=" " ind2=" " tag="653">
            <subfield code="a">Kalman filter.</subfield>
          </datafield>
          <datafield ind1=" " ind2="0" tag="830">
            <subfield code="a">UR CSD;</subfield>
            <subfield code="v">TR534</subfield>
          </datafield>
          <datafield ind1="4" ind2="0" tag="856">
            <subfield code="u">http://hdl.handle.net/1953/390</subfield>
          </datafield>
        </record>
      </metadata>
    </record>