
    <record>
      <header>
        <identifier>oai:urresearch3.rochester.edu:249</identifier>
        <datestamp>2011-03-01T17:28:35Z</datestamp>
        <setSpec>3:168:144</setSpec>
      </header>
      <metadata>
        <record xmlns="http://www.loc.gov/MARC21/slim">
          <leader>00000 am a2200000Ka 4500</leader>
          <controlfield tag="006">m        d        </controlfield>
          <controlfield tag="007">cr||||||||||||</controlfield>
          <controlfield tag="008">      s1994            s           eng  </controlfield>
          <datafield ind1="1" ind2=" " tag="100">
            <subfield code="a">Jagersand, Martin.</subfield>
            <subfield code="4">aut</subfield>
          </datafield>
          <datafield ind1="1" ind2="0" tag="245">
            <subfield code="a">Adaptive Differential Visual Feedback for Uncalibrated Hand-Eye Coordination and Motor Control</subfield>
            <subfield code="h">[electronic resource] /</subfield>
            <subfield code="c">Martin Jagersand.</subfield>
          </datafield>
          <datafield ind1=" " ind2=" " tag="260">
            <subfield code="b">University of Rochester. Computer Science Department., </subfield>
            <subfield code="c">1994.</subfield>
          </datafield>
          <datafield ind1="1" ind2=" " tag="490">
            <subfield code="a">UR CSD;</subfield>
            <subfield code="v">TR579</subfield>
          </datafield>
          <datafield ind1="3" ind2=" " tag="520">
            <subfield code="a">We propose and implement a novel method for visual space trajectory planning, and adaptive high degree-of-freedom (DOF) visual feedback control. The method requires no prior information either about the kinematics of the manipulator, or the placement or calibration of the cameras, and imposes no limitations on the number of degrees of freedom controlled or the number of kind of visual features utilized. The approach provides not only a means of low-level servoing but a means to integrate it with higher level visual space trajectory and task planning. We are thus able to specify and perform complex tasks composed of several primitive behaviors, using both visual servoing and open loop control, where the number of sensed and controlled signals varies during the task. We report experimental results demonstrating a factor of 5 improvement in the repeatability of manipulations using a PUMA arm when comparing visual closed-loop to traditional joint level servoing. We also present experiment statistics showing the advantages of adaptive over non-adaptive control systems, and of using redundant visual information when performing manipulation tasks. Finally, we demonstrate usefulness of the approach by using it to specify and execute complex tasks involving real-world robot manipulation of rigid and non-rigid objects in up to 12 degrees of freedom. The manipulation is performed in the context of a semi-autonomous robot manipulation system.</subfield>
          </datafield>
          <datafield ind1=" " ind2=" " tag="540">
            <subfield code="a">This item is protected by copyright, with all rights reserved.</subfield>
          </datafield>
          <datafield ind1=" " ind2=" " tag="653">
            <subfield code="a">robot control.</subfield>
          </datafield>
          <datafield ind1=" " ind2=" " tag="653">
            <subfield code="a">adaptive control.</subfield>
          </datafield>
          <datafield ind1=" " ind2=" " tag="653">
            <subfield code="a">visual feedback control.</subfield>
          </datafield>
          <datafield ind1=" " ind2=" " tag="653">
            <subfield code="a">hand-eye coordination.</subfield>
          </datafield>
          <datafield ind1=" " ind2=" " tag="653">
            <subfield code="a">real-time active vision.</subfield>
          </datafield>
          <datafield ind1=" " ind2=" " tag="653">
            <subfield code="a">robot user interfaces.</subfield>
          </datafield>
          <datafield ind1="1" ind2=" " tag="700">
            <subfield code="a">Nelson, Randal C..</subfield>
            <subfield code="4">aut</subfield>
          </datafield>
          <datafield ind1=" " ind2="0" tag="830">
            <subfield code="a">UR CSD;</subfield>
            <subfield code="v">TR579</subfield>
          </datafield>
          <datafield ind1="4" ind2="0" tag="856">
            <subfield code="u">http://hdl.handle.net/1953/389</subfield>
          </datafield>
        </record>
      </metadata>
    </record>