
    <record>
      <header>
        <identifier>oai:urresearch3.rochester.edu:250</identifier>
        <datestamp>2011-03-01T17:28:35Z</datestamp>
        <setSpec>3:168:144</setSpec>
      </header>
      <metadata>
        <record xmlns="http://www.loc.gov/MARC21/slim">
          <leader>00000 am a2200000Ka 4500</leader>
          <controlfield tag="006">m        d        </controlfield>
          <controlfield tag="007">cr||||||||||||</controlfield>
          <controlfield tag="008">      s1995            s           eng  </controlfield>
          <datafield ind1="1" ind2=" " tag="100">
            <subfield code="a">Ballard, Dana Harry.</subfield>
            <subfield code="4">aut</subfield>
          </datafield>
          <datafield ind1="1" ind2="3" tag="245">
            <subfield code="a">An Active Vision Architecture based on Iconic Representations</subfield>
            <subfield code="h">[electronic resource] /</subfield>
            <subfield code="c">Dana Harry Ballard.</subfield>
          </datafield>
          <datafield ind1=" " ind2=" " tag="260">
            <subfield code="b">University of Rochester. Computer Science Department., </subfield>
            <subfield code="c">1995.</subfield>
          </datafield>
          <datafield ind1="1" ind2=" " tag="490">
            <subfield code="a">UR CSD;</subfield>
            <subfield code="v">TR548</subfield>
          </datafield>
          <datafield ind1="3" ind2=" " tag="520">
            <subfield code="a">Active vision systems have the capability of continuously interacting with the environment. The rapidly changing environment of such systems means that it is attractive to replace static representations with visual routines that compute information on demand. Such routines place a premium on image data structures that are easily computed and used.   The purpose of this paper is to propose a general active vision architecture based on efficiently computable iconic representations. This architecture employs two primary visual routines, one for identifying the visual image near the fovea (object identification), and another for locating a stored prototype on the retina (object localization). This design allows complex visual behaviors to be obtained by composing these two routines with different parameters.     The iconic representations are comprised of high-dimensional feature vectors obtained from the responses of an ensemble of Gaussian derivative spatial filters at a number of orientations and scales. These representations are stored in two separate memories. One memory is indexed by image coordinates while the other is indexed by object coordinates. Object localization matches a localized set of model features with image features at all possible retinal locations. Object identification matches a foveal set of image features with all possible model features. We present experimental results for a near real-time implementation of these routines on a pipeline image processor and suggest relatively simple strategies for tackling the problems of occlusions and scale variations. We also discuss two additional visual routines one for top-down foveal targeting using log-polar sensors and another for looming detection, which are facilitated by the proposed architecture.</subfield>
          </datafield>
          <datafield ind1=" " ind2=" " tag="540">
            <subfield code="a">This item is protected by copyright, with all rights reserved.</subfield>
          </datafield>
          <datafield ind1=" " ind2=" " tag="653">
            <subfield code="a">visual routines.</subfield>
          </datafield>
          <datafield ind1=" " ind2=" " tag="653">
            <subfield code="a">object recognition.</subfield>
          </datafield>
          <datafield ind1=" " ind2=" " tag="653">
            <subfield code="a">principal components of natural images.</subfield>
          </datafield>
          <datafield ind1=" " ind2=" " tag="653">
            <subfield code="a">active vision.</subfield>
          </datafield>
          <datafield ind1=" " ind2=" " tag="653">
            <subfield code="a">iconic representations.</subfield>
          </datafield>
          <datafield ind1="1" ind2=" " tag="700">
            <subfield code="a">Rao, Rajesh P.N..</subfield>
            <subfield code="4">aut</subfield>
          </datafield>
          <datafield ind1=" " ind2="0" tag="830">
            <subfield code="a">UR CSD;</subfield>
            <subfield code="v">TR548</subfield>
          </datafield>
          <datafield ind1="4" ind2="0" tag="856">
            <subfield code="u">http://hdl.handle.net/1953/391</subfield>
          </datafield>
        </record>
      </metadata>
    </record>