
    <record>
      <header>
        <identifier>oai:urresearch3.rochester.edu:251</identifier>
        <datestamp>2011-03-01T17:28:35Z</datestamp>
        <setSpec>3:168:144</setSpec>
      </header>
      <metadata>
        <record xmlns="http://www.loc.gov/MARC21/slim">
          <leader>00000 am a2200000Ka 4500</leader>
          <controlfield tag="006">m        d        </controlfield>
          <controlfield tag="007">cr||||||||||||</controlfield>
          <controlfield tag="008">      s1995            s           eng  </controlfield>
          <datafield ind1="1" ind2=" " tag="100">
            <subfield code="a">Nelson, Randal C..</subfield>
            <subfield code="4">aut</subfield>
          </datafield>
          <datafield ind1="1" ind2="0" tag="245">
            <subfield code="a">3-D Recognition via 2-Stage Associative Memory</subfield>
            <subfield code="h">[electronic resource] /</subfield>
            <subfield code="c">Randal C. Nelson.</subfield>
          </datafield>
          <datafield ind1=" " ind2=" " tag="260">
            <subfield code="b">University of Rochester. Computer Science Department., </subfield>
            <subfield code="c">1995.</subfield>
          </datafield>
          <datafield ind1="1" ind2=" " tag="490">
            <subfield code="a">UR CSD;</subfield>
            <subfield code="v">TR565</subfield>
          </datafield>
          <datafield ind1="3" ind2=" " tag="520">
            <subfield code="a">We describe a method of 3-D object recognition based on two stage use of a general purpose associative memory and a principal views representation. The basic idea is to make use of semi-invariant objects called keys. A key is any robustly extractable feature that has sufficient information content to specify a 2-D configuration of an associated object (location, scale, orientation) plus sufficient additional parameters to provide efficient indexing and meaningful verification. The recognition system utilizes an associative memory organized so that access via a key feature evokes associated hypotheses for the identity and configuration of all objects that could have produced it. These hypothesis are fed into a second stage associative memory, which maintains a probabilistic estimate of the likelihood of each hypothesis based on statistics about the occurrence of the keys in the primary database. Because it is based on a merged percept of local features rather than global properties, the method is robust to occlusion and background clutter, and does not require prior segmentation. Entry of objects into the memory is an active, automatic procedure. We have implemented a version of the system that allows arbitrary definitions for key features. Experiments using keys based on perceptual groups of line segments are reported. Good results were obtained on a database derived from of approximately 150 images representing different views of 7 polyhedral objects.</subfield>
          </datafield>
          <datafield ind1=" " ind2=" " tag="538">
            <subfield code="a">System requirements: PDF viewer/reader.</subfield>
          </datafield>
          <datafield ind1=" " ind2=" " tag="540">
            <subfield code="a">This item is protected by copyright, with all rights reserved.</subfield>
          </datafield>
          <datafield ind1=" " ind2=" " tag="653">
            <subfield code="a">3-d object recognition.</subfield>
          </datafield>
          <datafield ind1=" " ind2=" " tag="653">
            <subfield code="a">visual object recognition.</subfield>
          </datafield>
          <datafield ind1=" " ind2=" " tag="653">
            <subfield code="a">memory-based learning.</subfield>
          </datafield>
          <datafield ind1=" " ind2=" " tag="653">
            <subfield code="a">visual learning.</subfield>
          </datafield>
          <datafield ind1=" " ind2=" " tag="653">
            <subfield code="a">principal views.</subfield>
          </datafield>
          <datafield ind1=" " ind2="0" tag="830">
            <subfield code="a">UR CSD;</subfield>
            <subfield code="v">TR565</subfield>
          </datafield>
          <datafield ind1="4" ind2="0" tag="856">
            <subfield code="u">http://hdl.handle.net/1953/392</subfield>
          </datafield>
        </record>
      </metadata>
    </record>