
    <record>
      <header>
        <identifier>oai:urresearch3.rochester.edu:252</identifier>
        <datestamp>2011-03-01T17:28:35Z</datestamp>
        <setSpec>3:168:144</setSpec>
      </header>
      <metadata>
        <record xmlns="http://www.loc.gov/MARC21/slim">
          <leader>00000 am a2200000Ka 4500</leader>
          <controlfield tag="006">m        d        </controlfield>
          <controlfield tag="007">cr||||||||||||</controlfield>
          <controlfield tag="008">      s1995            s           eng  </controlfield>
          <datafield ind1="1" ind2=" " tag="100">
            <subfield code="a">Ballard, Dana Harry.</subfield>
            <subfield code="4">aut</subfield>
          </datafield>
          <datafield ind1="1" ind2="0" tag="245">
            <subfield code="a">Object Indexing using an Iconic Sparse Distributed Memory</subfield>
            <subfield code="h">[electronic resource] /</subfield>
            <subfield code="c">Dana Harry Ballard.</subfield>
          </datafield>
          <datafield ind1=" " ind2=" " tag="260">
            <subfield code="b">University of Rochester. Computer Science Department., </subfield>
            <subfield code="c">1995.</subfield>
          </datafield>
          <datafield ind1="1" ind2=" " tag="490">
            <subfield code="a">UR CSD;</subfield>
            <subfield code="v">TR559</subfield>
          </datafield>
          <datafield ind1="3" ind2=" " tag="520">
            <subfield code="a">A general-purpose object indexing technique is described that combines the virtues of principal component analysis with the favorable matching properties of high-dimensional spaces to achieve high precision recognition. An object is represented by a set of high-dimensional iconic feature vectors comprised of the responses of derivative of Gaussian filters at a range of orientations and scales. Since these filters can be shown to form the eigenvectors of arbitrary images containing both natural and man-made structures, they are well-suited for indexing in disparate domains. The indexing algorithm uses an active vision system in conjunction with a modified form of Kanerva's sparse distributed memory which facilitates interpolation between views and provides a convenient platform for learning the association between an object's appearance and its identity. The robustness of the indexing method was experimentally confirmed by subjecting the method to a range of viewing conditions and the accuracy was verified using a well-known model database containing a number of complex 3D objects under varying pose.</subfield>
          </datafield>
          <datafield ind1=" " ind2=" " tag="540">
            <subfield code="a">This item is protected by copyright, with all rights reserved.</subfield>
          </datafield>
          <datafield ind1=" " ind2=" " tag="653">
            <subfield code="a">sparse distributed memory.</subfield>
          </datafield>
          <datafield ind1=" " ind2=" " tag="653">
            <subfield code="a">principal component analysis (PCA).</subfield>
          </datafield>
          <datafield ind1=" " ind2=" " tag="653">
            <subfield code="a">multiscale spatial filters.</subfield>
          </datafield>
          <datafield ind1=" " ind2=" " tag="653">
            <subfield code="a">3D object recognition.</subfield>
          </datafield>
          <datafield ind1=" " ind2=" " tag="653">
            <subfield code="a">iconic representations.</subfield>
          </datafield>
          <datafield ind1="1" ind2=" " tag="700">
            <subfield code="a">Rao, Rajesh P.N..</subfield>
            <subfield code="4">aut</subfield>
          </datafield>
          <datafield ind1=" " ind2="0" tag="830">
            <subfield code="a">UR CSD;</subfield>
            <subfield code="v">TR559</subfield>
          </datafield>
          <datafield ind1="4" ind2="0" tag="856">
            <subfield code="u">http://hdl.handle.net/1953/393</subfield>
          </datafield>
        </record>
      </metadata>
    </record>