
    <record>
      <header>
        <identifier>oai:urresearch3.rochester.edu:253</identifier>
        <datestamp>2011-03-01T17:28:35Z</datestamp>
        <setSpec>3:168:144</setSpec>
      </header>
      <metadata>
        <record xmlns="http://www.loc.gov/MARC21/slim">
          <leader>00000 am a2200000Ka 4500</leader>
          <controlfield tag="006">m        d        </controlfield>
          <controlfield tag="007">cr||||||||||||</controlfield>
          <controlfield tag="008">      s1995            s           eng  </controlfield>
          <datafield ind1="1" ind2=" " tag="100">
            <subfield code="a">Nelson, Randal C..</subfield>
            <subfield code="4">aut</subfield>
          </datafield>
          <datafield ind1="1" ind2="0" tag="245">
            <subfield code="a">Nonparametric Recognition of Nonrigid Motion</subfield>
            <subfield code="h">[electronic resource] /</subfield>
            <subfield code="c">Randal C. Nelson.</subfield>
          </datafield>
          <datafield ind1=" " ind2=" " tag="260">
            <subfield code="b">University of Rochester. Computer Science Department., </subfield>
            <subfield code="c">1995.</subfield>
          </datafield>
          <datafield ind1="1" ind2=" " tag="490">
            <subfield code="a">UR CSD;</subfield>
            <subfield code="v">TR575</subfield>
          </datafield>
          <datafield ind1="3" ind2=" " tag="520">
            <subfield code="a">The recognition of nonrigid motion, particularly that arising from human movement (and by extension from the locomotory activity of animals) has typically made use of high-level parametric models representing the various body parts (legs, arms, trunk, head, etc.) and their connections to each other. Such model-based recognition has been successful in some cases; however, the methods are often difficult to apply to real-world scenes, and are severely limited in their generalizability. The first problem arises from the difficulty of acquiring and tracking the requisite model parts, usually specific joints such as knees, elbows or ankles. This generally requires some prior high-level understanding and segmentation of the scene, or initialization by a human operator. The second problem is due to the fact that the human model is not much good for dogs or birds; for each new type of motion, a new model must be hand-crafted. In this paper, we show that the recognition of human or animal locomotion, and, in fact, any repetitive activity, can be done using low-level, non-parametric representations. Such an approach has the advantage that the same underlying representation is used for all examples, and no individual tailoring of models or prior scene understanding is required. We show in particular that repetitive motion is such a strong cue that the moving actor can be segmented, normalized spatially and temporally, and recognized by matching against a spatio-temporal template of motion features. We have implemented a real-time system that can recognize and classify repetitive motion activities in normal gray-scale image sequences. Results on a number of real-world sequences are described.</subfield>
          </datafield>
          <datafield ind1=" " ind2=" " tag="540">
            <subfield code="a">This item is protected by copyright, with all rights reserved.</subfield>
          </datafield>
          <datafield ind1=" " ind2=" " tag="653">
            <subfield code="a">motion recognition.</subfield>
          </datafield>
          <datafield ind1=" " ind2=" " tag="653">
            <subfield code="a">human movement.</subfield>
          </datafield>
          <datafield ind1=" " ind2=" " tag="653">
            <subfield code="a">motion analysis.</subfield>
          </datafield>
          <datafield ind1=" " ind2=" " tag="653">
            <subfield code="a">nonrigid motion.</subfield>
          </datafield>
          <datafield ind1="1" ind2=" " tag="700">
            <subfield code="a">Polana, Ramprasad B..</subfield>
            <subfield code="4">aut</subfield>
          </datafield>
          <datafield ind1=" " ind2="0" tag="830">
            <subfield code="a">UR CSD;</subfield>
            <subfield code="v">TR575</subfield>
          </datafield>
          <datafield ind1="4" ind2="0" tag="856">
            <subfield code="u">http://hdl.handle.net/1953/395</subfield>
          </datafield>
        </record>
      </metadata>
    </record>
    <record>
      <header>
        <identifier>oai:urresearch3.rochester.edu:254</identifier>
        <datestamp>2011-03-01T17:28:35Z</datestamp>
        <setSpec>3:168:144</setSpec>
      </header>
      <metadata>
        <record xmlns="http://www.loc.gov/MARC21/slim">
          <leader>00000 am a2200000Ka 4500</leader>
          <controlfield tag="006">m        d        </controlfield>
          <controlfield tag="007">cr||||||||||||</controlfield>
          <controlfield tag="008">      s1995            s           eng  </controlfield>
          <datafield ind1=" " ind2=" " tag="260">
            <subfield code="b">University of Rochester. Computer Science Department., </subfield>
            <subfield code="c">1995.</subfield>
          </datafield>
          <datafield ind1="1" ind2=" " tag="490">
            <subfield code="a">UR CSD;</subfield>
            <subfield code="v">TR588</subfield>
          </datafield>
          <datafield ind1="3" ind2=" " tag="520">
            <subfield code="a">On 7 December 1994, four student-built autonomous robots demonstrated various strategic, tactical, and mechanical approaches to a delivery task. That event was preceded by approximately two years of history and two days of frenzied preparation. Our robotics efforts were based on materials from MIT's well-known 6.270 course. This report summarizes our experiences, from pedagogical goals and organizational matters through mechanical and electronic techniques. Our intended audience is future robot-builders, and organizers of robot-building courses. We assume familiarity with material in Jones and Flynn's Mobile Robotics text, and with the various materials available from MIT over the internet.</subfield>
          </datafield>
          <datafield ind1=" " ind2=" " tag="540">
            <subfield code="a">This item is protected by copyright, with all rights reserved.</subfield>
          </datafield>
          <datafield ind1=" " ind2=" " tag="653">
            <subfield code="a">mobile robotics.</subfield>
          </datafield>
          <datafield ind1=" " ind2=" " tag="653">
            <subfield code="a">LEGO.</subfield>
          </datafield>
          <datafield ind1=" " ind2=" " tag="653">
            <subfield code="a">interactive C.</subfield>
          </datafield>
          <datafield ind1=" " ind2=" " tag="653">
            <subfield code="a">MIT 6.270.</subfield>
          </datafield>
          <datafield ind1=" " ind2=" " tag="653">
            <subfield code="a">sensors.</subfield>
          </datafield>
          <datafield ind1=" " ind2="0" tag="830">
            <subfield code="a">UR CSD;</subfield>
            <subfield code="v">TR588</subfield>
          </datafield>
          <datafield ind1="4" ind2="0" tag="856">
            <subfield code="u">http://hdl.handle.net/1953/404</subfield>
          </datafield>
        </record>
      </metadata>
    </record>