
    <record>
      <header>
        <identifier>oai:urresearch3.rochester.edu:255</identifier>
        <datestamp>2011-03-01T17:28:35Z</datestamp>
        <setSpec>3:168:144</setSpec>
      </header>
      <metadata>
        <record xmlns="http://www.loc.gov/MARC21/slim">
          <leader>00000 am a2200000Ka 4500</leader>
          <controlfield tag="006">m        d        </controlfield>
          <controlfield tag="007">cr||||||||||||</controlfield>
          <controlfield tag="008">      s1995            s           eng  </controlfield>
          <datafield ind1="1" ind2=" " tag="100">
            <subfield code="a">Vallino, James R..</subfield>
            <subfield code="4">aut</subfield>
          </datafield>
          <datafield ind1="1" ind2="0" tag="245">
            <subfield code="a">Datacube MV200 and ImageFlow User's Guide</subfield>
            <subfield code="h">[electronic resource] /</subfield>
            <subfield code="c">James R. Vallino.</subfield>
          </datafield>
          <datafield ind1=" " ind2=" " tag="260">
            <subfield code="b">University of Rochester. Computer Science Department., </subfield>
            <subfield code="c">1995.</subfield>
          </datafield>
          <datafield ind1="1" ind2=" " tag="490">
            <subfield code="a">UR CSD;</subfield>
            <subfield code="v">TR590</subfield>
          </datafield>
          <datafield ind1="3" ind2=" " tag="520">
            <subfield code="a">The Datacube MaxVideo 200 is a high-speed image processing system that can provide video rate processing of images. A user writes programs using the Datacube ImageFlow libraries to control the hardware. Learning the details of ImageFlow programming is a daunting task for the new user. This learning task is made more difficult because the manuals for the MaxVideo 200 hardware and ImageFlow software are rather obscure to the typical novice user. This user's guide describes several simple ImageFlow programs. Emphasis is placed on providing some of the folklore that is needed to get started in MV200/ImageFlow programming. Also, the organization of the information in the Datacube manuals is described so that the new user can continue exploring on their own system features that are not in the sample programs.</subfield>
          </datafield>
          <datafield ind1=" " ind2=" " tag="540">
            <subfield code="a">This item is protected by copyright, with all rights reserved.</subfield>
          </datafield>
          <datafield ind1=" " ind2=" " tag="653">
            <subfield code="a">image processing software.</subfield>
          </datafield>
          <datafield ind1=" " ind2=" " tag="653">
            <subfield code="a">image processing hardware.</subfield>
          </datafield>
          <datafield ind1=" " ind2="0" tag="830">
            <subfield code="a">UR CSD;</subfield>
            <subfield code="v">TR590</subfield>
          </datafield>
          <datafield ind1="4" ind2="0" tag="856">
            <subfield code="u">http://hdl.handle.net/1953/396</subfield>
          </datafield>
        </record>
      </metadata>
    </record>