
    <record>
      <header>
        <identifier>oai:urresearch3.rochester.edu:257</identifier>
        <datestamp>2011-03-01T17:28:35Z</datestamp>
        <setSpec>3:168:144</setSpec>
      </header>
      <metadata>
        <record xmlns="http://www.loc.gov/MARC21/slim">
          <leader>00000 am a2200000Ka 4500</leader>
          <controlfield tag="006">m        d        </controlfield>
          <controlfield tag="007">cr||||||||||||</controlfield>
          <controlfield tag="008">      s1996            s           eng  </controlfield>
          <datafield ind1="1" ind2=" " tag="100">
            <subfield code="a">Jagersand, Martin.</subfield>
            <subfield code="4">aut</subfield>
          </datafield>
          <datafield ind1="1" ind2="0" tag="245">
            <subfield code="a">Model Free View Synthesis of an Articulated Agent</subfield>
            <subfield code="h">[electronic resource] /</subfield>
            <subfield code="c">Martin Jagersand.</subfield>
          </datafield>
          <datafield ind1=" " ind2=" " tag="260">
            <subfield code="b">University of Rochester. Computer Science Department., </subfield>
            <subfield code="c">1996.</subfield>
          </datafield>
          <datafield ind1="1" ind2=" " tag="490">
            <subfield code="a">UR CSD;</subfield>
            <subfield code="v">TR595</subfield>
          </datafield>
          <datafield ind1="3" ind2=" " tag="520">
            <subfield code="a">Using a combination of techniques from visual representations, view synthesis, and visual-motor transfer function estimation, we present a method for animating movements of an active agent (e.g., robot), without the use of any prior models or explicit 3d information. The information needed to generate simulated images can be acquired either on or off line, by watching the agent doing an arbitrary, possibly unrelated task. We present experimental results synthesizing image sequences of the movement of a simulated PUMA 760 robot arm, using both joint space and Cartesian world coordinate control. We have created a user interface, where a user can input a robot movement program, and then upon execution, view movies of the (simulated) robot executing the program, along with the instantaneous dynamic variables from the simulated robot.</subfield>
          </datafield>
          <datafield ind1=" " ind2=" " tag="540">
            <subfield code="a">This item is protected by copyright, with all rights reserved.</subfield>
          </datafield>
          <datafield ind1=" " ind2=" " tag="653">
            <subfield code="a">image-based view synthesis.</subfield>
          </datafield>
          <datafield ind1=" " ind2=" " tag="653">
            <subfield code="a">visual representations.</subfield>
          </datafield>
          <datafield ind1=" " ind2=" " tag="653">
            <subfield code="a">active visual model acquisition.</subfield>
          </datafield>
          <datafield ind1=" " ind2="0" tag="830">
            <subfield code="a">UR CSD;</subfield>
            <subfield code="v">TR595</subfield>
          </datafield>
          <datafield ind1="4" ind2="0" tag="856">
            <subfield code="u">http://hdl.handle.net/1953/398</subfield>
          </datafield>
        </record>
      </metadata>
    </record>