
    <record>
      <header>
        <identifier>oai:urresearch3.rochester.edu:259</identifier>
        <datestamp>2011-03-01T17:28:35Z</datestamp>
        <setSpec>3:168:144</setSpec>
      </header>
      <metadata>
        <record xmlns="http://www.loc.gov/MARC21/slim">
          <leader>00000 am a2200000Ka 4500</leader>
          <controlfield tag="006">m        d        </controlfield>
          <controlfield tag="007">cr||||||||||||</controlfield>
          <controlfield tag="008">      s1996            s           eng  </controlfield>
          <datafield ind1="1" ind2=" " tag="100">
            <subfield code="a">Nelson, Randal C..</subfield>
            <subfield code="4">aut</subfield>
          </datafield>
          <datafield ind1="1" ind2="0" tag="245">
            <subfield code="a">Learning Dextrous Manipulation Skills for Multifingered Robot Hands</subfield>
            <subfield code="h">[electronic resource] /</subfield>
            <subfield code="c">Randal C. Nelson.</subfield>
          </datafield>
          <datafield ind1=" " ind2=" " tag="260">
            <subfield code="b">University of Rochester. Computer Science Department., </subfield>
            <subfield code="c">1996.</subfield>
          </datafield>
          <datafield ind1="1" ind2=" " tag="490">
            <subfield code="a">UR CSD;</subfield>
            <subfield code="v">TR613</subfield>
          </datafield>
          <datafield ind1="3" ind2=" " tag="520">
            <subfield code="a">We present a method for autonomous learning of dextrous manipulation skills with multifingered robot hands. We use heuristics derived from observations made on human hands to reduce the degrees of freedom of the task and make learning tractable. Our approach consists of learning and storing a few basic manipulation primitives for a few prototypical objects and then using an associative memory to obtain the required parameters for new objects and/or manipulations. The parameter space of the robot is searched using a modified version of the evolution strategy, which is robust to the noise normally present in real-world complex robotic tasks. Given the difficulty of modeling and simulating accurately the interactions of multiple fingers and an object, and to ensure that the learned skills are applicable in the real world, our system does not rely on simulation; all the experimentation is performed by a physical robot, in this case the 16-degree-of-freedom Utah/MIT hand. Experimental results show that accurate dextrous manipulation skills can be learned by the robot in a short period of time.</subfield>
          </datafield>
          <datafield ind1=" " ind2=" " tag="540">
            <subfield code="a">This item is protected by copyright, with all rights reserved.</subfield>
          </datafield>
          <datafield ind1=" " ind2=" " tag="653">
            <subfield code="a">dextrous manipulation.</subfield>
          </datafield>
          <datafield ind1=" " ind2=" " tag="653">
            <subfield code="a">robot learning.</subfield>
          </datafield>
          <datafield ind1=" " ind2=" " tag="653">
            <subfield code="a">evolution strategy.</subfield>
          </datafield>
          <datafield ind1="1" ind2=" " tag="700">
            <subfield code="a">Fuentes, Olac.</subfield>
            <subfield code="4">aut</subfield>
          </datafield>
          <datafield ind1=" " ind2="0" tag="830">
            <subfield code="a">UR CSD;</subfield>
            <subfield code="v">TR613</subfield>
          </datafield>
          <datafield ind1="4" ind2="0" tag="856">
            <subfield code="u">http://hdl.handle.net/1953/400</subfield>
          </datafield>
        </record>
      </metadata>
    </record>