
    <record>
      <header>
        <identifier>oai:urresearch3.rochester.edu:260</identifier>
        <datestamp>2011-03-01T17:28:35Z</datestamp>
        <setSpec>3:168:144</setSpec>
      </header>
      <metadata>
        <record xmlns="http://www.loc.gov/MARC21/slim">
          <leader>00000 am a2200000Ka 4500</leader>
          <controlfield tag="006">m        d        </controlfield>
          <controlfield tag="007">cr||||||||||||</controlfield>
          <controlfield tag="008">      s1996            s           eng  </controlfield>
          <datafield ind1="1" ind2=" " tag="100">
            <subfield code="a">Araujo, Helder.</subfield>
            <subfield code="4">aut</subfield>
          </datafield>
          <datafield ind1="1" ind2="2" tag="245">
            <subfield code="a">A Fully Projective Formulation for Lowe's Tracking Algorithm</subfield>
            <subfield code="h">[electronic resource] /</subfield>
            <subfield code="c">Helder Araujo.</subfield>
          </datafield>
          <datafield ind1=" " ind2=" " tag="260">
            <subfield code="b">University of Rochester. Computer Science Department., </subfield>
            <subfield code="c">1996.</subfield>
          </datafield>
          <datafield ind1="1" ind2=" " tag="490">
            <subfield code="a">UR CSD;</subfield>
            <subfield code="v">TR641</subfield>
          </datafield>
          <datafield ind1="3" ind2=" " tag="520">
            <subfield code="a">David Lowe's influential and classic algorithm for tracking objects with known geometry is formulated with certain simplifying assumptions. A version implemented by Ishii et al. makes different simplifying assumptions. We formulate a full projective solution and apply the same algorithm (Newton's method). We report results of extensive testing of these three algorithms. We compute two image--space and six pose--space error metrics to quantify the effects of object pose, errors in initial solutions, and image noise levels. We consider several scenaria, from relatively unconstrained conditions to those that mirror real--world and real--time constraints. The conclusion is that the full projective formulation makes the algorithm orders of magnitude more accurate and gives it super--exponential convergence properties with arguably better computation--time properties.</subfield>
          </datafield>
          <datafield ind1=" " ind2=" " tag="540">
            <subfield code="a">This item is protected by copyright, with all rights reserved.</subfield>
          </datafield>
          <datafield ind1=" " ind2=" " tag="653">
            <subfield code="a">vision.</subfield>
          </datafield>
          <datafield ind1=" " ind2=" " tag="653">
            <subfield code="a">real-time tracking.</subfield>
          </datafield>
          <datafield ind1=" " ind2=" " tag="653">
            <subfield code="a">viewpoint estimation.</subfield>
          </datafield>
          <datafield ind1=" " ind2=" " tag="653">
            <subfield code="a">pose determination.</subfield>
          </datafield>
          <datafield ind1="1" ind2=" " tag="700">
            <subfield code="a">Carceroni, Rodrigo L..</subfield>
            <subfield code="4">aut</subfield>
          </datafield>
          <datafield ind1="1" ind2=" " tag="700">
            <subfield code="a">Brown, Christopher M.,</subfield>
            <subfield code="d">1945-</subfield>
            <subfield code="4">aut</subfield>
          </datafield>
          <datafield ind1=" " ind2="0" tag="830">
            <subfield code="a">UR CSD;</subfield>
            <subfield code="v">TR641</subfield>
          </datafield>
          <datafield ind1="4" ind2="0" tag="856">
            <subfield code="u">http://hdl.handle.net/1953/401</subfield>
          </datafield>
        </record>
      </metadata>
    </record>