
    <record>
      <header>
        <identifier>oai:urresearch3.rochester.edu:263</identifier>
        <datestamp>2011-03-01T17:28:35Z</datestamp>
        <setSpec>3:168:144</setSpec>
      </header>
      <metadata>
        <record xmlns="http://www.loc.gov/MARC21/slim">
          <leader>00000 am a2200000Ka 4500</leader>
          <controlfield tag="006">m        d        </controlfield>
          <controlfield tag="007">cr||||||||||||</controlfield>
          <controlfield tag="008">      s1997            s           eng  </controlfield>
          <datafield ind1="1" ind2=" " tag="100">
            <subfield code="a">Brown, Christopher M.,</subfield>
            <subfield code="d">1945-</subfield>
            <subfield code="4">aut</subfield>
          </datafield>
          <datafield ind1="1" ind2="0" tag="245">
            <subfield code="a">Numerical Methods for Model-Based Pose Recovery</subfield>
            <subfield code="h">[electronic resource] /</subfield>
            <subfield code="c">Christopher M. Brown.</subfield>
          </datafield>
          <datafield ind1=" " ind2=" " tag="260">
            <subfield code="b">University of Rochester. Computer Science Department., </subfield>
            <subfield code="c">1997.</subfield>
          </datafield>
          <datafield ind1="1" ind2=" " tag="490">
            <subfield code="a">UR CSD;</subfield>
            <subfield code="v">TR659</subfield>
          </datafield>
          <datafield ind1="3" ind2=" " tag="520">
            <subfield code="a">In this paper we review and compare several techniques for model-based pose recovery (extrinsic camera calibration) from monocular images. We classify the solutions reported in the literature as analytical perspective, affine and numerical perspective. We also present reformulations for two of the most important numerical perspective solutions: Lowe's algorithm and Phong-Horaud's algorithm. Our improvement to Lowe's algorithm consists of eliminating some simplifying assumptions on its projective equations. A careful experimental evaluation reveals that the resulting fully projective algorithm has superexponential convergence properties for a wide range of initial solutions and, under realistic usage conditions, it is up to an order of magnitude more accurate than the original formulation, with arguably better computation-time properties. Our extension to Phong-Horaud's algorithm is, to the best of our knowledge, the first method for independent orientation recovery that actually exploits the theoretical advantages of point correspondences over line correspondences. We show that in the context of a specific real-life application (visual navigation), it is either more accurate than other similar techniques with the same computational cost, or more efficient with the same accuracy.</subfield>
          </datafield>
          <datafield ind1=" " ind2=" " tag="540">
            <subfield code="a">This item is protected by copyright, with all rights reserved.</subfield>
          </datafield>
          <datafield ind1=" " ind2=" " tag="653">
            <subfield code="a">extrinsic camera calibration.</subfield>
          </datafield>
          <datafield ind1=" " ind2=" " tag="653">
            <subfield code="a">tracking.</subfield>
          </datafield>
          <datafield ind1=" " ind2=" " tag="653">
            <subfield code="a">dual quaternions.</subfield>
          </datafield>
          <datafield ind1=" " ind2=" " tag="653">
            <subfield code="a">numerical optimization.</subfield>
          </datafield>
          <datafield ind1=" " ind2=" " tag="653">
            <subfield code="a">pose recovery.</subfield>
          </datafield>
          <datafield ind1=" " ind2=" " tag="653">
            <subfield code="a">visual navigation.</subfield>
          </datafield>
          <datafield ind1="1" ind2=" " tag="700">
            <subfield code="a">Carceroni, Rodrigo L..</subfield>
            <subfield code="4">aut</subfield>
          </datafield>
          <datafield ind1=" " ind2="0" tag="830">
            <subfield code="a">UR CSD;</subfield>
            <subfield code="v">TR659</subfield>
          </datafield>
          <datafield ind1="4" ind2="0" tag="856">
            <subfield code="u">http://hdl.handle.net/1953/405</subfield>
          </datafield>
        </record>
      </metadata>
    </record>