
    <record>
      <header>
        <identifier>oai:urresearch3.rochester.edu:265</identifier>
        <datestamp>2011-03-01T17:28:35Z</datestamp>
        <setSpec>3:168:144</setSpec>
      </header>
      <metadata>
        <record xmlns="http://www.loc.gov/MARC21/slim">
          <leader>00000 am a2200000Ka 4500</leader>
          <controlfield tag="006">m        d        </controlfield>
          <controlfield tag="007">cr||||||||||||</controlfield>
          <controlfield tag="008">      s1998            s           eng  </controlfield>
          <datafield ind1="1" ind2=" " tag="100">
            <subfield code="a">Carceroni, Rodrigo L..</subfield>
            <subfield code="4">aut</subfield>
          </datafield>
          <datafield ind1="1" ind2="0" tag="245">
            <subfield code="a">Design and Evaluation of a System for Vision-Based Vehicle Convoying</subfield>
            <subfield code="h">[electronic resource] /</subfield>
            <subfield code="c">Rodrigo L. Carceroni.</subfield>
          </datafield>
          <datafield ind1=" " ind2=" " tag="260">
            <subfield code="b">University of Rochester. Computer Science Department., </subfield>
            <subfield code="c">1998.</subfield>
          </datafield>
          <datafield ind1="1" ind2=" " tag="490">
            <subfield code="a">UR CSD;</subfield>
            <subfield code="v">TR678</subfield>
          </datafield>
          <datafield ind1="3" ind2=" " tag="520">
            <subfield code="a">In this paper, we discuss how to process visual information in convoying applications, using only low-cost, off-the-shelf hardware. We introduce a numerical algorithm for real-time perspective pose estimation that uses strong task-specific constraints to achieve efficiency and stability. Through extensive experiments performed with synthetic data, we show that this approach yields more accurate recovery than a general-purpose structure-and-motion recovery framework known as the Variable State Dimension Filter, even when some of its fundamental task-specific assumptions are only partially valid. In addition, we discuss efficient ways to perform low-level vision with off-the-shelf hardware, and we present a two-level control strategy that uses high-frequency odometry data to stabilize visual control. Real-world convoying experiments show that our tracking-and-control system performs quite well in the sense that it manages to keep targets in view, tolerates changes in lighting conditions, and enables vehicles to keep up with complex maneuvers performed by other members of the convoy, such as 180-degree turns.</subfield>
          </datafield>
          <datafield ind1=" " ind2=" " tag="540">
            <subfield code="a">This item is protected by copyright, with all rights reserved.</subfield>
          </datafield>
          <datafield ind1=" " ind2=" " tag="653">
            <subfield code="a">pose estimation.</subfield>
          </datafield>
          <datafield ind1=" " ind2=" " tag="653">
            <subfield code="a">Variable State Dimension Filter.</subfield>
          </datafield>
          <datafield ind1=" " ind2=" " tag="653">
            <subfield code="a">visual navigation.</subfield>
          </datafield>
          <datafield ind1=" " ind2=" " tag="653">
            <subfield code="a">tracking.</subfield>
          </datafield>
          <datafield ind1="1" ind2=" " tag="700">
            <subfield code="a">Harman, Craig.</subfield>
            <subfield code="4">aut</subfield>
          </datafield>
          <datafield ind1="1" ind2=" " tag="700">
            <subfield code="a">Eveland, Christopher K..</subfield>
            <subfield code="4">aut</subfield>
          </datafield>
          <datafield ind1="1" ind2=" " tag="700">
            <subfield code="a">Brown, Christopher M.,</subfield>
            <subfield code="d">1945-</subfield>
            <subfield code="4">aut</subfield>
          </datafield>
          <datafield ind1=" " ind2="0" tag="830">
            <subfield code="a">UR CSD;</subfield>
            <subfield code="v">TR678</subfield>
          </datafield>
          <datafield ind1="4" ind2="0" tag="856">
            <subfield code="u">http://hdl.handle.net/1953/407</subfield>
          </datafield>
        </record>
      </metadata>
    </record>