
    <record>
      <header>
        <identifier>oai:urresearch3.rochester.edu:267</identifier>
        <datestamp>2011-03-01T17:28:35Z</datestamp>
        <setSpec>3:168:144</setSpec>
      </header>
      <metadata>
        <record xmlns="http://www.loc.gov/MARC21/slim">
          <leader>00000 am a2200000Ka 4500</leader>
          <controlfield tag="006">m        d        </controlfield>
          <controlfield tag="007">cr||||||||||||</controlfield>
          <controlfield tag="008">      s1998            s           eng  </controlfield>
          <datafield ind1="1" ind2=" " tag="100">
            <subfield code="a">Ballard, Dana Harry.</subfield>
            <subfield code="4">aut</subfield>
          </datafield>
          <datafield ind1="1" ind2="4" tag="245">
            <subfield code="a">The Effects of Eye Tracking in a VR Helmet on EEG Recordings</subfield>
            <subfield code="h">[electronic resource] /</subfield>
            <subfield code="c">Dana Harry Ballard.</subfield>
          </datafield>
          <datafield ind1=" " ind2=" " tag="260">
            <subfield code="b">University of Rochester. Computer Science Department., </subfield>
            <subfield code="c">1998.</subfield>
          </datafield>
          <datafield ind1="1" ind2=" " tag="490">
            <subfield code="a">UR CSD;</subfield>
            <subfield code="v">TR685</subfield>
          </datafield>
          <datafield ind1="3" ind2=" " tag="520">
            <subfield code="a">Since scalp EEG recordings are measured in microvolts, electrical signals may easily interfere during an experiment. As Spehlmann discusses, such interference may be introduced through the lights in the recording room, a nearby television, or even a computer monitor [Spehlmann, 1991]. Thus, when we consider performing EEG/EP/ERP experiments within a virtual reality helmet containing an eye tracker, electrical interference becomes a real possibility. We tested the effects of wearing a VR4 virtual reality (VR) helmet containing an ISCAN eye tracker while asking subjects to do a continuous performance task. The results of this task were then analyzed in the frequency domain and compared to results from the same experiment while looking at a computer screen in two different environments. Results indicate that in an environment with other computers, the vertical refresh from the back of a nearby row of computer monitors added more noise to the signal than wearing the VR helmet and eye tracker. Even in an environment without other computers, the noise while wearing the VR helmet and eye tracker is not significantly different from the noise obtained while viewing a laptop computer screen in the same location.</subfield>
          </datafield>
          <datafield ind1=" " ind2=" " tag="540">
            <subfield code="a">This item is protected by copyright, with all rights reserved.</subfield>
          </datafield>
          <datafield ind1=" " ind2=" " tag="653">
            <subfield code="a">virtual reality.</subfield>
          </datafield>
          <datafield ind1=" " ind2=" " tag="653">
            <subfield code="a">EEG.</subfield>
          </datafield>
          <datafield ind1="1" ind2=" " tag="700">
            <subfield code="a">Bayliss, Jessica D..</subfield>
            <subfield code="4">aut</subfield>
          </datafield>
          <datafield ind1=" " ind2="0" tag="830">
            <subfield code="a">UR CSD;</subfield>
            <subfield code="v">TR685</subfield>
          </datafield>
          <datafield ind1="4" ind2="0" tag="856">
            <subfield code="u">http://hdl.handle.net/1953/409</subfield>
          </datafield>
        </record>
      </metadata>
    </record>