
    <record>
      <header>
        <identifier>oai:urresearch3.rochester.edu:268</identifier>
        <datestamp>2011-03-01T17:28:35Z</datestamp>
        <setSpec>3:168:144</setSpec>
      </header>
      <metadata>
        <record xmlns="http://www.loc.gov/MARC21/slim">
          <leader>00000 am a2200000Ka 4500</leader>
          <controlfield tag="006">m        d        </controlfield>
          <controlfield tag="007">cr||||||||||||</controlfield>
          <controlfield tag="008">      s1998            s           eng  </controlfield>
          <datafield ind1="1" ind2=" " tag="100">
            <subfield code="a">Selinger, Andrea.</subfield>
            <subfield code="4">aut</subfield>
          </datafield>
          <datafield ind1="1" ind2="2" tag="245">
            <subfield code="a">A Cubist Approach to Object Recognition</subfield>
            <subfield code="h">[electronic resource] /</subfield>
            <subfield code="c">Andrea Selinger.</subfield>
          </datafield>
          <datafield ind1=" " ind2=" " tag="260">
            <subfield code="b">University of Rochester. Computer Science Department., </subfield>
            <subfield code="c">1998.</subfield>
          </datafield>
          <datafield ind1="1" ind2=" " tag="490">
            <subfield code="a">UR CSD;</subfield>
            <subfield code="v">TR689</subfield>
          </datafield>
          <datafield ind1="3" ind2=" " tag="520">
            <subfield code="a">We describe an appearance-based object recognition system using a keyed, multi-level context representation reminiscent of certain aspects of cubist art. Specifically, we utilize distinctive intermediate-level features, in this case automatically extracted 2D boundary fragments, as keys, which are then verified within a local context, and assembled within a loose global context to evoke an overall percept. This system demonstrates extraordinarly good recognition of a variety of 3D shapes, ranging from sports cars and fighter planes to snakes and lizards with full orthographic invariance. We report the results of large-scale tests, involving over 2000 separate test images, that evaluate performance with increasing number of items in the database, in the presence of clutter, background change, and occlusion, and also the results of some generic classification experiments where the system is tested on objects never previously seen or modelled. To our knowledge, the results we report are the best in the literature for full-sphere tests of general shapes with occlusion and clutter resistance.</subfield>
          </datafield>
          <datafield ind1=" " ind2=" " tag="540">
            <subfield code="a">This item is protected by copyright, with all rights reserved.</subfield>
          </datafield>
          <datafield ind1=" " ind2=" " tag="653">
            <subfield code="a">appearance-based representations.</subfield>
          </datafield>
          <datafield ind1=" " ind2=" " tag="653">
            <subfield code="a">object recognition.</subfield>
          </datafield>
          <datafield ind1=" " ind2=" " tag="653">
            <subfield code="a">visual learning.</subfield>
          </datafield>
          <datafield ind1="1" ind2=" " tag="700">
            <subfield code="a">Nelson, Randal C..</subfield>
            <subfield code="4">aut</subfield>
          </datafield>
          <datafield ind1=" " ind2="0" tag="830">
            <subfield code="a">UR CSD;</subfield>
            <subfield code="v">TR689</subfield>
          </datafield>
          <datafield ind1="4" ind2="0" tag="856">
            <subfield code="u">http://hdl.handle.net/1953/410</subfield>
          </datafield>
        </record>
      </metadata>
    </record>