
    <record>
      <header>
        <identifier>oai:urresearch3.rochester.edu:272</identifier>
        <datestamp>2011-03-01T17:28:35Z</datestamp>
        <setSpec>3:97</setSpec>
      </header>
      <metadata>
        <record xmlns="http://www.loc.gov/MARC21/slim">
          <leader>00000 am a2200000Ka 4500</leader>
          <controlfield tag="006">m        d        </controlfield>
          <controlfield tag="007">cr||||||||||||</controlfield>
          <controlfield tag="008">      s2000            s           eng  </controlfield>
          <datafield ind1="1" ind2=" " tag="100">
            <subfield code="a">Carrera, Enrique V..</subfield>
            <subfield code="4">aut</subfield>
          </datafield>
          <datafield ind1="1" ind2="0" tag="245">
            <subfield code="a">Analytical and Experimental Evaluation of Cluster-Based Network Servers</subfield>
            <subfield code="h">[electronic resource] /</subfield>
            <subfield code="c">Enrique V. Carrera.</subfield>
          </datafield>
          <datafield ind1=" " ind2=" " tag="260">
            <subfield code="b">University of Rochester. Computer Science Department., </subfield>
            <subfield code="c">2000.</subfield>
          </datafield>
          <datafield ind1="1" ind2=" " tag="490">
            <subfield code="a">UR CSD;</subfield>
            <subfield code="v">TR718</subfield>
          </datafield>
          <datafield ind1="3" ind2=" " tag="520">
            <subfield code="a">In this paper we use analytic modeling and simulation to evaluate network servers implemented on clusters of workstations. More specifically, we model the potential benefits of locality-conscious request distribution within the cluster and evaluate the performance of a cluster-based server (called L2S) we designed in light of our experience with the model. Our most important modeling results show that locality-conscious distribution on a 16-node cluster can increase server throughput with respect to a locality-oblivious server by up to 7-fold, depending on the average size of the files requested and on the size of the server's working set. Our simulation results demonstrate that L2S achieves throughput that is within 22% of the full potential of locality-conscious distribution on 16 nodes, outperforming and significantly outscaling the best-known locality-conscious server. Based on our results and on the fact that the files serviced by network servers are becoming larger and more numerous, we conclude that our locality-conscious network server should prove very useful for its performance, scalability, and availability properties.</subfield>
          </datafield>
          <datafield ind1=" " ind2=" " tag="540">
            <subfield code="a">This item is protected by copyright, with all rights reserved.</subfield>
          </datafield>
          <datafield ind1=" " ind2=" " tag="653">
            <subfield code="a">cluster computing.</subfield>
          </datafield>
          <datafield ind1=" " ind2=" " tag="653">
            <subfield code="a">scalable web servers.</subfield>
          </datafield>
          <datafield ind1=" " ind2=" " tag="653">
            <subfield code="a">locality.</subfield>
          </datafield>
          <datafield ind1="1" ind2=" " tag="700">
            <subfield code="a">Bianchini, Ricardo.</subfield>
            <subfield code="4">aut</subfield>
          </datafield>
          <datafield ind1=" " ind2="0" tag="830">
            <subfield code="a">UR CSD;</subfield>
            <subfield code="v">TR718</subfield>
          </datafield>
          <datafield ind1="4" ind2="0" tag="856">
            <subfield code="u">http://hdl.handle.net/1953/414</subfield>
          </datafield>
        </record>
      </metadata>
    </record>