
    <record>
      <header>
        <identifier>oai:urresearch3.rochester.edu:273</identifier>
        <datestamp>2011-03-01T17:28:35Z</datestamp>
        <setSpec>3:97</setSpec>
      </header>
      <metadata>
        <record xmlns="http://www.loc.gov/MARC21/slim">
          <leader>00000 am a2200000Ka 4500</leader>
          <controlfield tag="006">m        d        </controlfield>
          <controlfield tag="007">cr||||||||||||</controlfield>
          <controlfield tag="008">      s2001            s           eng  </controlfield>
          <datafield ind1="1" ind2=" " tag="100">
            <subfield code="a">Ding, Chen.</subfield>
            <subfield code="4">aut</subfield>
          </datafield>
          <datafield ind1="1" ind2="0" tag="245">
            <subfield code="a">Reuse Distance Analysis</subfield>
            <subfield code="h">[electronic resource] /</subfield>
            <subfield code="c">Chen Ding.</subfield>
          </datafield>
          <datafield ind1=" " ind2=" " tag="260">
            <subfield code="b">University of Rochester. Computer Science Department., </subfield>
            <subfield code="c">2001.</subfield>
          </datafield>
          <datafield ind1="1" ind2=" " tag="490">
            <subfield code="a">UR CSD;</subfield>
            <subfield code="v">TR741</subfield>
          </datafield>
          <datafield ind1="3" ind2=" " tag="520">
            <subfield code="a">Cache is one of the most widely used components in today's computing systems. Its performance is heavily depended on the locality in programs. Till now, the analysis of program locality relies on expensive cache simulation. As machine cache becomes increasingly complex and adaptive, more efficient and accurate methods are needed to find the best cache configuration for each program or even each part of the program. In this report, we measure program locality directly by the distance between the reuses of its data. Data reuse is an inherent program property and does not depend on any cache parameters. Therefore, it allows quantitative measurement of program locality that is not tied to any particular machine. To measure reuse distance, we describe a new method consisting of two components. The first performs fast analysis for full applications accessing large data sets, and the second ascribes the simulation result to source-level data structures at fine granularity. With this tool, we analyze data reuse behavior in a set of benchmark applications and present main findings about their program locality.</subfield>
          </datafield>
          <datafield ind1=" " ind2=" " tag="540">
            <subfield code="a">This item is protected by copyright, with all rights reserved.</subfield>
          </datafield>
          <datafield ind1=" " ind2=" " tag="653">
            <subfield code="a">cache analysis.</subfield>
          </datafield>
          <datafield ind1=" " ind2=" " tag="653">
            <subfield code="a">reuse distance.</subfield>
          </datafield>
          <datafield ind1=" " ind2=" " tag="653">
            <subfield code="a">instrumentation.</subfield>
          </datafield>
          <datafield ind1=" " ind2=" " tag="653">
            <subfield code="a">performance.</subfield>
          </datafield>
          <datafield ind1="1" ind2=" " tag="700">
            <subfield code="a">Zhong, Yutao.</subfield>
            <subfield code="4">aut</subfield>
          </datafield>
          <datafield ind1=" " ind2="0" tag="830">
            <subfield code="a">UR CSD;</subfield>
            <subfield code="v">TR741</subfield>
          </datafield>
          <datafield ind1="4" ind2="0" tag="856">
            <subfield code="u">http://hdl.handle.net/1953/415</subfield>
          </datafield>
        </record>
      </metadata>
    </record>