
    <record>
      <header>
        <identifier>oai:urresearch3.rochester.edu:274</identifier>
        <datestamp>2011-03-01T17:28:35Z</datestamp>
        <setSpec>3:97</setSpec>
      </header>
      <metadata>
        <record xmlns="http://www.loc.gov/MARC21/slim">
          <leader>00000 am a2200000Ka 4500</leader>
          <controlfield tag="006">m        d        </controlfield>
          <controlfield tag="007">cr||||||||||||</controlfield>
          <controlfield tag="008">      s2001            s           eng  </controlfield>
          <datafield ind1="1" ind2=" " tag="100">
            <subfield code="a">Balasubramonian, Rajeev.</subfield>
            <subfield code="4">aut</subfield>
          </datafield>
          <datafield ind1="1" ind2="0" tag="245">
            <subfield code="a">Dynamically Allocating Processor Resources between Nearby and Distant ILP</subfield>
            <subfield code="h">[electronic resource] /</subfield>
            <subfield code="c">Rajeev Balasubramonian.</subfield>
          </datafield>
          <datafield ind1=" " ind2=" " tag="260">
            <subfield code="b">University of Rochester. Computer Science Department., </subfield>
            <subfield code="c">2001.</subfield>
          </datafield>
          <datafield ind1="1" ind2=" " tag="490">
            <subfield code="a">UR CSD;</subfield>
            <subfield code="v">TR743</subfield>
          </datafield>
          <datafield ind1="3" ind2=" " tag="520">
            <subfield code="a">Modern superscalar processors use wide instruction issue widths and out-of-order execution in order to increase instruction-level parallelism (ILP). Since instructions must be committed in order so as to guarantee precise exceptions, increasing ILP implies increasing the sizes of structures such as the register file, issue queue, and reorder buffer. Simultaneously, cycle time constraints limit the size of these structures, resulting in conflicting design requirements.   In this paper, we present a novel microarchitecture designed to overcome the limitations of a register file size dictated by cycle time constraints. Available registers are dynamically allocated between the primary program thread and a future thread. The future thread issues and executes instructions when the primary thread is limited by resource availability. The future thread is not constrained by in-order commit requirements. It is therefore able to examine a much larger instruction window and jump far ahead to execute ready instructions. Results are communicated back to the primary thread by warming up the register file, instruction cache, data cache, and instruction reuse buffer, and by resolving branch mispredicts early. The proposed microarchitecture is able to get an overall speedup of 1.17 over the base processor for our benchmark set, with speedups of up to 1.64.</subfield>
          </datafield>
          <datafield ind1=" " ind2=" " tag="540">
            <subfield code="a">This item is protected by copyright, with all rights reserved.</subfield>
          </datafield>
          <datafield ind1=" " ind2=" " tag="653">
            <subfield code="a">prefetch.</subfield>
          </datafield>
          <datafield ind1=" " ind2=" " tag="653">
            <subfield code="a">instruction reuse.</subfield>
          </datafield>
          <datafield ind1=" " ind2=" " tag="653">
            <subfield code="a">dynamic superscalar procesesors.</subfield>
          </datafield>
          <datafield ind1=" " ind2=" " tag="653">
            <subfield code="a">instruction-level parallelism (ILP).</subfield>
          </datafield>
          <datafield ind1=" " ind2=" " tag="653">
            <subfield code="a">pre-execution.</subfield>
          </datafield>
          <datafield ind1=" " ind2=" " tag="653">
            <subfield code="a">branch mispredict recovery.</subfield>
          </datafield>
          <datafield ind1="1" ind2=" " tag="700">
            <subfield code="a">Dwarkadas, Sandhya.</subfield>
            <subfield code="4">aut</subfield>
          </datafield>
          <datafield ind1="1" ind2=" " tag="700">
            <subfield code="a">Albonesi, David H..</subfield>
            <subfield code="4">aut</subfield>
          </datafield>
          <datafield ind1=" " ind2="0" tag="830">
            <subfield code="a">UR CSD;</subfield>
            <subfield code="v">TR743</subfield>
          </datafield>
          <datafield ind1="4" ind2="0" tag="856">
            <subfield code="u">http://hdl.handle.net/1953/416</subfield>
          </datafield>
        </record>
      </metadata>
    </record>