
    <record>
      <header>
        <identifier>oai:urresearch3.rochester.edu:275</identifier>
        <datestamp>2011-03-01T17:28:35Z</datestamp>
        <setSpec>3:97</setSpec>
      </header>
      <metadata>
        <record xmlns="http://www.loc.gov/MARC21/slim">
          <leader>00000 am a2200000Ka 4500</leader>
          <controlfield tag="006">m        d        </controlfield>
          <controlfield tag="007">cr||||||||||||</controlfield>
          <controlfield tag="008">      s2001            s           eng  </controlfield>
          <datafield ind1="1" ind2=" " tag="100">
            <subfield code="a">Balasubramonian, Rajeev.</subfield>
            <subfield code="4">aut</subfield>
          </datafield>
          <datafield ind1="1" ind2="2" tag="245">
            <subfield code="a">A High Performance Two-Level Register File Organization</subfield>
            <subfield code="h">[electronic resource] /</subfield>
            <subfield code="c">Rajeev Balasubramonian.</subfield>
          </datafield>
          <datafield ind1=" " ind2=" " tag="260">
            <subfield code="b">University of Rochester. Computer Science Department., </subfield>
            <subfield code="c">2001.</subfield>
          </datafield>
          <datafield ind1="1" ind2=" " tag="490">
            <subfield code="a">UR CSD;</subfield>
            <subfield code="v">TR745</subfield>
          </datafield>
          <datafield ind1="3" ind2=" " tag="520">
            <subfield code="a">Dynamic superscalar processors execute instructions out-of-order by looking for independent operations within a large window. The number of physical registers within the processor has a direct impact on the size of this window as most in-flight instructions are assigned a new physical register. A large register file helps improve the instruction-level parallelism (ILP), but has a detrimental effect on clock speed, especially at future technologies. In this paper, we propose a two-level register file organization, where the first level only contains values that potentially have active consumers in the pipeline. The second level contains those values that are going to be used only in the event of a branch mispredict or an exception, and has minimal port requirements. Adding the second level shows overall speedups of 1.22, 1.06, and 1.19 relative to an architecture without a second-level cache for three different processor models for a varied benchmark set. A small first-level register file supported by a second-level register file can support as much ILP as a much larger single-level register file, thus having favorable implications for clock speed and power.</subfield>
          </datafield>
          <datafield ind1=" " ind2=" " tag="540">
            <subfield code="a">This item is protected by copyright, with all rights reserved.</subfield>
          </datafield>
          <datafield ind1=" " ind2=" " tag="653">
            <subfield code="a">register file.</subfield>
          </datafield>
          <datafield ind1=" " ind2=" " tag="653">
            <subfield code="a">dynamic superscalar processors.</subfield>
          </datafield>
          <datafield ind1=" " ind2=" " tag="653">
            <subfield code="a">register renaming.</subfield>
          </datafield>
          <datafield ind1=" " ind2=" " tag="653">
            <subfield code="a">register file cache.</subfield>
          </datafield>
          <datafield ind1="1" ind2=" " tag="700">
            <subfield code="a">Dwarkadas, Sandhya.</subfield>
            <subfield code="4">aut</subfield>
          </datafield>
          <datafield ind1="1" ind2=" " tag="700">
            <subfield code="a">Albonesi, David H..</subfield>
            <subfield code="4">aut</subfield>
          </datafield>
          <datafield ind1=" " ind2="0" tag="830">
            <subfield code="a">UR CSD;</subfield>
            <subfield code="v">TR745</subfield>
          </datafield>
          <datafield ind1="4" ind2="0" tag="856">
            <subfield code="u">http://hdl.handle.net/1953/417</subfield>
          </datafield>
        </record>
      </metadata>
    </record>