
    <record>
      <header>
        <identifier>oai:urresearch3.rochester.edu:276</identifier>
        <datestamp>2011-03-01T17:28:35Z</datestamp>
        <setSpec>3:97</setSpec>
      </header>
      <metadata>
        <record xmlns="http://www.loc.gov/MARC21/slim">
          <leader>00000 am a2200000Ka 4500</leader>
          <controlfield tag="006">m        d        </controlfield>
          <controlfield tag="007">cr||||||||||||</controlfield>
          <controlfield tag="008">      s2002            s           eng  </controlfield>
          <datafield ind1="1" ind2=" " tag="100">
            <subfield code="a">Balasubramonian, Rajeev.</subfield>
            <subfield code="4">aut</subfield>
          </datafield>
          <datafield ind1="1" ind2="0" tag="245">
            <subfield code="a">Microarchitectural Trade-Offs in the Design of a Scalable Clustered Microprocessor</subfield>
            <subfield code="h">[electronic resource] /</subfield>
            <subfield code="c">Rajeev Balasubramonian.</subfield>
          </datafield>
          <datafield ind1=" " ind2=" " tag="260">
            <subfield code="b">University of Rochester. Computer Science Department., </subfield>
            <subfield code="c">2002.</subfield>
          </datafield>
          <datafield ind1="1" ind2=" " tag="490">
            <subfield code="a">UR CSD;</subfield>
            <subfield code="v">TR771</subfield>
          </datafield>
          <datafield ind1="3" ind2=" " tag="520">
            <subfield code="a">Clustered microarchitectures are an attractive alternative to large monolithic superscalar designs due to their potential for higher clock rates in the face of increasingly wire-delay-constrained process technologies. In such a microarchitecture, the distribution of functional units, the register files, and the issue queues across multiple clusters reduces the latency of various cycle time critical paths, thereby enabling a faster clock. However, a penalty in terms of instructions per cycle is incurred if instructions frequently communicate values among clusters because of dependences.   In this paper, we propose several novel extensions that significantly improve the performance of clustered designs. First, we explore a word-interleaved clustered cache in which memory instructions are steered to clusters based on addresses, and when the effective address is unknown, directs memory operations to the appropriate cluster via bank prediction. We then study the scalability of the resulting clustered microarchitecture as the number of clusters is increased (resulting in a corresponding increase in inter-cluster communication latency). Our evaluation identifies the key bottlenecks and shows how novel enhancements to the cluster resource allocation mechanisms can significantly improve the scalability of the design. We also show that communication latency in a highly clustered processor can be reduced for certain programs by only using a subset of the clusters. Overall, these enhancements achieve a 30% fill in the correct value improvement over a baseline design with the clustered cache.</subfield>
          </datafield>
          <datafield ind1=" " ind2=" " tag="540">
            <subfield code="a">This item is protected by copyright, with all rights reserved.</subfield>
          </datafield>
          <datafield ind1=" " ind2=" " tag="653">
            <subfield code="a">high performance superscalar processors.</subfield>
          </datafield>
          <datafield ind1=" " ind2=" " tag="653">
            <subfield code="a">clustered microarchitectures.</subfield>
          </datafield>
          <datafield ind1=" " ind2=" " tag="653">
            <subfield code="a">decentralized data cache.</subfield>
          </datafield>
          <datafield ind1=" " ind2=" " tag="653">
            <subfield code="a">on-chip multiprocessor.</subfield>
          </datafield>
          <datafield ind1="1" ind2=" " tag="700">
            <subfield code="a">Dwarkadas, Sandhya.</subfield>
            <subfield code="4">aut</subfield>
          </datafield>
          <datafield ind1="1" ind2=" " tag="700">
            <subfield code="a">Albonesi, David H..</subfield>
            <subfield code="4">aut</subfield>
          </datafield>
          <datafield ind1=" " ind2="0" tag="830">
            <subfield code="a">UR CSD;</subfield>
            <subfield code="v">TR771</subfield>
          </datafield>
          <datafield ind1="4" ind2="0" tag="856">
            <subfield code="u">http://hdl.handle.net/1953/418</subfield>
          </datafield>
        </record>
      </metadata>
    </record>