
    <record>
      <header>
        <identifier>oai:urresearch3.rochester.edu:277</identifier>
        <datestamp>2011-03-01T17:28:35Z</datestamp>
        <setSpec>3:97</setSpec>
      </header>
      <metadata>
        <record xmlns="http://www.loc.gov/MARC21/slim">
          <leader>00000 am a2200000Ka 4500</leader>
          <controlfield tag="006">m        d        </controlfield>
          <controlfield tag="007">cr||||||||||||</controlfield>
          <controlfield tag="008">      s2002            s           eng  </controlfield>
          <datafield ind1="1" ind2=" " tag="100">
            <subfield code="a">Dropsho, Steven.</subfield>
            <subfield code="4">aut</subfield>
          </datafield>
          <datafield ind1="1" ind2="0" tag="245">
            <subfield code="a">Integrating Adaptive On-Chip Storage Structures for Reduced Dynamic Power</subfield>
            <subfield code="h">[electronic resource] /</subfield>
            <subfield code="c">Steven Dropsho.</subfield>
          </datafield>
          <datafield ind1=" " ind2=" " tag="260">
            <subfield code="b">University of Rochester. Computer Science Department., </subfield>
            <subfield code="c">2002.</subfield>
          </datafield>
          <datafield ind1="1" ind2=" " tag="490">
            <subfield code="a">UR CSD;</subfield>
            <subfield code="v">TR775</subfield>
          </datafield>
          <datafield ind1="3" ind2=" " tag="520">
            <subfield code="a">Energy efficiency in microarchitectures has become a necessity. Significant dynamic energy savings can be realized for adaptive storage structures such as caches, issue queues, and register files by disabling unnecessary storage resources. Prior studies have analyzed individual structures and their control. A common theme to these studies is exploration of the configuration space and use of system IPC as feedback to guide reconfiguration choices. However, in a system where multiple structures adapt in concert, the number of possible configurations increases dramatically, and assigning causal effects to IPC change becomes problematic. To overcome this issue, we introduce designs for these adaptive structures that make reconfiguration decisions based solely on local behavior. We introduce a novel cache design, the Accounting Cache, that permits direct calculation of optimal configurations. For buffer and queue structures, we demonstrate how limited histogramming permits fast and precise resizing control. When using these designs for all levels of the instruction and data caches, the issue queue, reorder buffer, and register file, we show energy savings of up to 70% on the individual structures, and savings averaging 30% overall for the portion of energy attributed to the adaptive structures with an average of 1.2% performance degradation.</subfield>
          </datafield>
          <datafield ind1=" " ind2=" " tag="540">
            <subfield code="a">This item is protected by copyright, with all rights reserved.</subfield>
          </datafield>
          <datafield ind1=" " ind2=" " tag="653">
            <subfield code="a">energy efficient microprocessor.</subfield>
          </datafield>
          <datafield ind1=" " ind2=" " tag="653">
            <subfield code="a">dynamic.</subfield>
          </datafield>
          <datafield ind1=" " ind2=" " tag="653">
            <subfield code="a">cache.</subfield>
          </datafield>
          <datafield ind1=" " ind2=" " tag="653">
            <subfield code="a">reorder buffer.</subfield>
          </datafield>
          <datafield ind1=" " ind2=" " tag="653">
            <subfield code="a">issue queue.</subfield>
          </datafield>
          <datafield ind1=" " ind2=" " tag="653">
            <subfield code="a">register file.</subfield>
          </datafield>
          <datafield ind1=" " ind2=" " tag="653">
            <subfield code="a">Accounting Cache.</subfield>
          </datafield>
          <datafield ind1="1" ind2=" " tag="700">
            <subfield code="a">Buyuktosunoglu, Alper.</subfield>
            <subfield code="4">aut</subfield>
          </datafield>
          <datafield ind1="1" ind2=" " tag="700">
            <subfield code="a">Balasubramonian, Rajeev.</subfield>
            <subfield code="4">aut</subfield>
          </datafield>
          <datafield ind1="1" ind2=" " tag="700">
            <subfield code="a">Albonesi, David H..</subfield>
            <subfield code="4">aut</subfield>
          </datafield>
          <datafield ind1="1" ind2=" " tag="700">
            <subfield code="a">Dwarkadas, Sandhya.</subfield>
            <subfield code="4">aut</subfield>
          </datafield>
          <datafield ind1="1" ind2=" " tag="700">
            <subfield code="a">Semeraro, Greg.</subfield>
            <subfield code="4">aut</subfield>
          </datafield>
          <datafield ind1="1" ind2=" " tag="700">
            <subfield code="a">Magklis, Grigorios.</subfield>
            <subfield code="4">aut</subfield>
          </datafield>
          <datafield ind1="1" ind2=" " tag="700">
            <subfield code="a">Scott, Michael Lee,</subfield>
            <subfield code="d">1959-</subfield>
            <subfield code="4">aut</subfield>
          </datafield>
          <datafield ind1=" " ind2="0" tag="830">
            <subfield code="a">UR CSD;</subfield>
            <subfield code="v">TR775</subfield>
          </datafield>
          <datafield ind1="4" ind2="0" tag="856">
            <subfield code="u">http://hdl.handle.net/1953/419</subfield>
          </datafield>
        </record>
      </metadata>
    </record>