
    <record>
      <header>
        <identifier>oai:urresearch3.rochester.edu:278</identifier>
        <datestamp>2011-03-01T17:28:35Z</datestamp>
        <setSpec>3:97</setSpec>
      </header>
      <metadata>
        <record xmlns="http://www.loc.gov/MARC21/slim">
          <leader>00000 am a2200000Ka 4500</leader>
          <controlfield tag="006">m        d        </controlfield>
          <controlfield tag="007">cr||||||||||||</controlfield>
          <controlfield tag="008">      s2002            s           eng  </controlfield>
          <datafield ind1="1" ind2=" " tag="100">
            <subfield code="a">Greenberg, I..</subfield>
            <subfield code="4">aut</subfield>
          </datafield>
          <datafield ind1="1" ind2="0" tag="245">
            <subfield code="a">Memory Offloading via Garbage Collection for Memory Constrained Devices</subfield>
            <subfield code="h">[electronic resource] /</subfield>
            <subfield code="c">I. Greenberg.</subfield>
          </datafield>
          <datafield ind1=" " ind2=" " tag="260">
            <subfield code="b">University of Rochester. Computer Science Department., </subfield>
            <subfield code="c">2002.</subfield>
          </datafield>
          <datafield ind1="1" ind2=" " tag="490">
            <subfield code="a">UR CSD;</subfield>
            <subfield code="v">TR780</subfield>
          </datafield>
          <datafield ind1="3" ind2=" " tag="520">
            <subfield code="a">Our everyday life is becoming increasingly filled with computing devices. Among them, mobile and embedded devices usually have far more limited resource specifications than wired and consequently more powerful computing devices. In order to increase available software on mobile devices it is beneficial to reuse existing software platforms or applications. Conventional wisdom has been to trim down current software to fit them into smaller devices. However, we believe that when surrounded by other computer resources there is an alternative solution for certain resource, in which resource limited devices can utilize those resources by dynamically offloading services.   In this paper, we examine the use of "memory offloading" as a means of relieving memory constraints in Java environments. Our experiments we have found that using virtual memory to relieve resource constraints from JVMs can lead to very bad performance due to Java's garbage collector. We propose extending the garbage collector of a JVM we allow it to take into account the semantics of Java memory usage to provide efficient and transparent memory offloading. Our results using a modified JVM show that with moderate monitoring overhead, both migration policies investigated can achieve a 85\% reduction in bandwidth requirement and even more in necessary number of messages for most of application benchmarks we used.</subfield>
          </datafield>
          <datafield ind1=" " ind2=" " tag="538">
            <subfield code="a">System requirements: PDF viewer/reader.</subfield>
          </datafield>
          <datafield ind1=" " ind2=" " tag="540">
            <subfield code="a">This item is protected by copyright, with all rights reserved.</subfield>
          </datafield>
          <datafield ind1=" " ind2=" " tag="653">
            <subfield code="a">memory management.</subfield>
          </datafield>
          <datafield ind1=" " ind2=" " tag="653">
            <subfield code="a">distributed system.</subfield>
          </datafield>
          <datafield ind1=" " ind2=" " tag="653">
            <subfield code="a">pervasive computing.</subfield>
          </datafield>
          <datafield ind1=" " ind2=" " tag="653">
            <subfield code="a">Java virtual machines.</subfield>
          </datafield>
          <datafield ind1=" " ind2=" " tag="653">
            <subfield code="a">garbage collection.</subfield>
          </datafield>
          <datafield ind1="1" ind2=" " tag="700">
            <subfield code="a">Chen, DeQing.</subfield>
            <subfield code="4">aut</subfield>
          </datafield>
          <datafield ind1="1" ind2=" " tag="700">
            <subfield code="a">Messer, Alan.</subfield>
            <subfield code="4">aut</subfield>
          </datafield>
          <datafield ind1="1" ind2=" " tag="700">
            <subfield code="a">Dwarkadas, Sandhya.</subfield>
            <subfield code="4">aut</subfield>
          </datafield>
          <datafield ind1="1" ind2=" " tag="700">
            <subfield code="a">Bernadat, P..</subfield>
            <subfield code="4">aut</subfield>
          </datafield>
          <datafield ind1="1" ind2=" " tag="700">
            <subfield code="a">Milojicic, Dejan.</subfield>
            <subfield code="4">aut</subfield>
          </datafield>
          <datafield ind1=" " ind2="0" tag="830">
            <subfield code="a">UR CSD;</subfield>
            <subfield code="v">TR780</subfield>
          </datafield>
          <datafield ind1="4" ind2="0" tag="856">
            <subfield code="u">http://hdl.handle.net/1953/420</subfield>
          </datafield>
        </record>
      </metadata>
    </record>