
    <record>
      <header>
        <identifier>oai:urresearch3.rochester.edu:280</identifier>
        <datestamp>2011-03-01T17:28:35Z</datestamp>
        <setSpec>3:97</setSpec>
      </header>
      <metadata>
        <record xmlns="http://www.loc.gov/MARC21/slim">
          <leader>00000 am a2200000Ka 4500</leader>
          <controlfield tag="006">m        d        </controlfield>
          <controlfield tag="007">cr||||||||||||</controlfield>
          <controlfield tag="008">      s2002            s           eng  </controlfield>
          <datafield ind1="1" ind2=" " tag="100">
            <subfield code="a">Papathanasiou, Athanasios E..</subfield>
            <subfield code="4">aut</subfield>
          </datafield>
          <datafield ind1="1" ind2="0" tag="245">
            <subfield code="a">Increasing Disk Burstiness for Energy Efficiency</subfield>
            <subfield code="h">[electronic resource] /</subfield>
            <subfield code="c">Athanasios E. Papathanasiou.</subfield>
          </datafield>
          <datafield ind1=" " ind2=" " tag="260">
            <subfield code="b">University of Rochester. Computer Science Department., </subfield>
            <subfield code="c">2002.</subfield>
          </datafield>
          <datafield ind1="1" ind2=" " tag="490">
            <subfield code="a">UR CSD;</subfield>
            <subfield code="v">TR792</subfield>
          </datafield>
          <datafield ind1="3" ind2=" " tag="520">
            <subfield code="a">Hard disks for portable devices, and the operating systems that manage them, incorporate spin-down policies that idle the disk after a certain period of inactivity. In essence, these policies use a recent period of inactivity to predict that the disk will remain inactive in the near future. We propose an alternative strategy, in which the operating system deliberately seeks to cluster disk operations in time, to maximize the utilization of the disk when it is spun up and the time that the disk can be spun down. In order to cluster disk operations we postpone the service of non-urgent operations, and use aggressive prefetching and file prediction to reduce the likelihood that synchronous reads will have to go to disk. In addition, we present a novel predictive spin-down/spin-up policy that exploits high level operating system knowledge to decrease disk idle time prior to spin-down, and application wait time due to spin-up. We evaluate our strategy through trace-driven simulation of several different workload scenarios. Our results indicate that the deliberate creation of bursty activity can save up to 55% of the energy consumed by an IBM TravelStar disk, while simultaneously decreasing significantly the negative impact of disk spin-up latency on application performance.</subfield>
          </datafield>
          <datafield ind1=" " ind2=" " tag="540">
            <subfield code="a">This item is protected by copyright, with all rights reserved.</subfield>
          </datafield>
          <datafield ind1=" " ind2=" " tag="653">
            <subfield code="a">disk scheduling.</subfield>
          </datafield>
          <datafield ind1=" " ind2=" " tag="653">
            <subfield code="a">spin-down.</subfield>
          </datafield>
          <datafield ind1=" " ind2=" " tag="653">
            <subfield code="a">prefetching.</subfield>
          </datafield>
          <datafield ind1=" " ind2=" " tag="653">
            <subfield code="a">disk update policy.</subfield>
          </datafield>
          <datafield ind1=" " ind2=" " tag="653">
            <subfield code="a">write-back.</subfield>
          </datafield>
          <datafield ind1=" " ind2=" " tag="653">
            <subfield code="a">energy efficiency.</subfield>
          </datafield>
          <datafield ind1="1" ind2=" " tag="700">
            <subfield code="a">Scott, Michael Lee,</subfield>
            <subfield code="d">1959-</subfield>
            <subfield code="4">aut</subfield>
          </datafield>
          <datafield ind1=" " ind2="0" tag="830">
            <subfield code="a">UR CSD;</subfield>
            <subfield code="v">TR792</subfield>
          </datafield>
          <datafield ind1="4" ind2="0" tag="856">
            <subfield code="u">http://hdl.handle.net/1953/422</subfield>
          </datafield>
        </record>
      </metadata>
    </record>