
    <record>
      <header>
        <identifier>oai:urresearch3.rochester.edu:281</identifier>
        <datestamp>2011-03-01T17:28:35Z</datestamp>
        <setSpec>3:97</setSpec>
      </header>
      <metadata>
        <record xmlns="http://www.loc.gov/MARC21/slim">
          <leader>00000 am a2200000Ka 4500</leader>
          <controlfield tag="006">m        d        </controlfield>
          <controlfield tag="007">cr||||||||||||</controlfield>
          <controlfield tag="008">      s2000            s           eng  </controlfield>
          <datafield ind1="1" ind2=" " tag="100">
            <subfield code="a">Ding, Chen.</subfield>
            <subfield code="4">aut</subfield>
          </datafield>
          <datafield ind1="1" ind2="0" tag="245">
            <subfield code="a">Instruction Balance, Energy Consumption and Program Performance</subfield>
            <subfield code="h">[electronic resource] /</subfield>
            <subfield code="c">Chen Ding.</subfield>
          </datafield>
          <datafield ind1=" " ind2=" " tag="260">
            <subfield code="b">University of Rochester. Computer Science Department., </subfield>
            <subfield code="c">2000.</subfield>
          </datafield>
          <datafield ind1="1" ind2=" " tag="490">
            <subfield code="a">UR CSD;</subfield>
            <subfield code="v">TR739</subfield>
          </datafield>
          <datafield ind1="3" ind2=" " tag="520">
            <subfield code="a">A computer consists of multiple components such as functional units, cache and main memory. At each moment of execution, a program may have a varied amount of work for each component. Recent development has exploited this imbalance to save energy by slowing the components that have a lower load. Example techniques include dynamic scaling and clock gating used in processors from Transmeta and Intel. Symmetrical to reconfiguring hardware is reorganizing software. We can alter program demand for different components by reordering program instructions. This paper explores the theoretical lower bound of energy consumption assuming that both a program and a machine are fully adjustable. It shows that a program with a balanced load always consumes less energy than the same program with uneven loads under the same execution speed. In addition, the paper examines the relation between energy consumption and program performance. It shows that reducing power is a different problem than that of improving performance. Finally, the paper presents empirical evidence showing that a program may be transformed to have a balanced demand in most parts of its execution.</subfield>
          </datafield>
          <datafield ind1=" " ind2=" " tag="540">
            <subfield code="a">This item is protected by copyright, with all rights reserved.</subfield>
          </datafield>
          <datafield ind1=" " ind2=" " tag="653">
            <subfield code="a">energy consumption.</subfield>
          </datafield>
          <datafield ind1=" " ind2=" " tag="653">
            <subfield code="a">instruction balance.</subfield>
          </datafield>
          <datafield ind1=" " ind2=" " tag="653">
            <subfield code="a">software-hardware co-optimization.</subfield>
          </datafield>
          <datafield ind1="1" ind2=" " tag="700">
            <subfield code="a">Li, Tao.</subfield>
            <subfield code="4">aut</subfield>
          </datafield>
          <datafield ind1=" " ind2="0" tag="830">
            <subfield code="a">UR CSD;</subfield>
            <subfield code="v">TR739</subfield>
          </datafield>
          <datafield ind1="4" ind2="0" tag="856">
            <subfield code="u">http://hdl.handle.net/1953/423</subfield>
          </datafield>
        </record>
      </metadata>
    </record>