
    <record>
      <header>
        <identifier>oai:urresearch3.rochester.edu:282</identifier>
        <datestamp>2011-03-01T17:28:35Z</datestamp>
        <setSpec>3:97</setSpec>
      </header>
      <metadata>
        <record xmlns="http://www.loc.gov/MARC21/slim">
          <leader>00000 am a2200000Ka 4500</leader>
          <controlfield tag="006">m        d        </controlfield>
          <controlfield tag="007">cr||||||||||||</controlfield>
          <controlfield tag="008">      s1989            s           eng  </controlfield>
          <datafield ind1="1" ind2=" " tag="100">
            <subfield code="a">Scott, Michael Lee,</subfield>
            <subfield code="d">1959-</subfield>
            <subfield code="4">aut</subfield>
          </datafield>
          <datafield ind1="1" ind2="0" tag="245">
            <subfield code="a">Evolution of an Operating System for Large-Scale Shared-Memory Multiprocessors</subfield>
            <subfield code="h">[electronic resource] /</subfield>
            <subfield code="c">Michael Lee Scott.</subfield>
          </datafield>
          <datafield ind1=" " ind2=" " tag="260">
            <subfield code="b">University of Rochester. Computer Science Department., </subfield>
            <subfield code="c">1989.</subfield>
          </datafield>
          <datafield ind1="1" ind2=" " tag="490">
            <subfield code="a">UR CSD;</subfield>
            <subfield code="v">TR309</subfield>
          </datafield>
          <datafield ind1="3" ind2=" " tag="520">
            <subfield code="a">Scalable shared-memory multiprocessors (those with non-uniform memory access times) are among the most flexible architectures for high-performance parallel computing, admitting efficient implementations of a wide range of process models, communication mechanisms, and granularities of parallelism. Such machines present opportunities for general-purpose parallel computing that cannot be exploited by existing operating systems, because the traditional approach to operating system design presents a virtual machine in which the definition of processes, communication, and grain size are outside the control of the user. Psyche is an operating system designed to enable the most effective use possible of large-scale shared memory multiprocessors. The Psyche project is characterized by (1) a design that permits the implementation of multiple models of parallelism, both within and among applications, (2) the ability to trade protection for performance, with information sharings as the default, rather than the exception, (3) explicit, user-level control of process structure and scheduling, and (4) a kernel implementation that uses shared memory itself, and that provides users with the illusion of uniform memory access times.   The postscript here was reconstructed from old troff source, and does not match the formatting of the hard-copy TR. In particular, the bibliography has re-built from a newer database, and in several cases cites newer versions of papers -- versions that postdate the TR.</subfield>
          </datafield>
          <datafield ind1=" " ind2=" " tag="540">
            <subfield code="a">This item is protected by copyright, with all rights reserved.</subfield>
          </datafield>
          <datafield ind1=" " ind2=" " tag="653">
            <subfield code="a">psyche tr309.</subfield>
          </datafield>
          <datafield ind1="1" ind2=" " tag="700">
            <subfield code="a">LeBlanc, Thomas J..</subfield>
            <subfield code="4">aut</subfield>
          </datafield>
          <datafield ind1="1" ind2=" " tag="700">
            <subfield code="a">Marsh, Brian D..</subfield>
            <subfield code="4">aut</subfield>
          </datafield>
          <datafield ind1=" " ind2="0" tag="830">
            <subfield code="a">UR CSD;</subfield>
            <subfield code="v">TR309</subfield>
          </datafield>
          <datafield ind1="4" ind2="0" tag="856">
            <subfield code="u">http://hdl.handle.net/1953/424</subfield>
          </datafield>
        </record>
      </metadata>
    </record>