
    <record>
      <header>
        <identifier>oai:urresearch3.rochester.edu:283</identifier>
        <datestamp>2011-03-01T17:28:35Z</datestamp>
        <setSpec>3:97</setSpec>
      </header>
      <metadata>
        <record xmlns="http://www.loc.gov/MARC21/slim">
          <leader>00000 am a2200000Ka 4500</leader>
          <controlfield tag="006">m        d        </controlfield>
          <controlfield tag="007">cr||||||||||||</controlfield>
          <controlfield tag="008">      s1989            s           eng  </controlfield>
          <datafield ind1="1" ind2=" " tag="100">
            <subfield code="a">LeBlanc, Thomas J..</subfield>
            <subfield code="4">aut</subfield>
          </datafield>
          <datafield ind1="1" ind2="0" tag="245">
            <subfield code="a">Memory Management for Large-Scale NUMA Multiprocessors</subfield>
            <subfield code="h">[electronic resource] /</subfield>
            <subfield code="c">Thomas J. LeBlanc.</subfield>
          </datafield>
          <datafield ind1=" " ind2=" " tag="260">
            <subfield code="b">University of Rochester. Computer Science Department., </subfield>
            <subfield code="c">1989.</subfield>
          </datafield>
          <datafield ind1="1" ind2=" " tag="490">
            <subfield code="a">UR CSD;</subfield>
            <subfield code="v">TR311</subfield>
          </datafield>
          <datafield ind1="3" ind2=" " tag="520">
            <subfield code="a">Large-scale shared-memory multiprocessors such as the BBN Butterfly and IBM RP3 introduce a new level in the memory hierarchy: multiple physical memories with different memory access times. An operating system for these NUMA (NonUniform Memory Access) multiprocessors should provide traditional virtual memory management, facilitate dynamic and widespread memory sharing, and minimize the apparent disparity between local and nonlocal memory. In addition, the implementation must be scalable to configurations with hundreds or thousands of processors.   This paper describes memory management in the Psyche multiprocessor operating system, under development at the University of Rochester. The Psyche kernel manages a multi-level memory hierarchy consisting of local memory, nonlocal memory, and backing store. Local memory stores private data and serves as a cache for shared data; nonlocal memory stores shared data and serves as a disk cache. The system structure isolates the policies and mechanisms that manage different layers in the memory hierarchy, so that customized data structures and policies can be constructed for each layer. Local memory management policies are implemented using mechanisms that are independent of the architectural configuration; global policies are implemented using multiple processes that increase in number as the architecture scales. Psyche currently runs on the BBN Butterfly Plus multiprocessor.     This paper describes an ambitious early design for a VM system for Psyche. Our plans for VM were scaled back substantially after implementation was about half completed, due to changing interests of graduate students. Further discussion can be found in the WEBDMS paper.</subfield>
          </datafield>
          <datafield ind1=" " ind2=" " tag="540">
            <subfield code="a">This item is protected by copyright, with all rights reserved.</subfield>
          </datafield>
          <datafield ind1=" " ind2=" " tag="653">
            <subfield code="a">psyche tr311.</subfield>
          </datafield>
          <datafield ind1="1" ind2=" " tag="700">
            <subfield code="a">Marsh, Brian D..</subfield>
            <subfield code="4">aut</subfield>
          </datafield>
          <datafield ind1="1" ind2=" " tag="700">
            <subfield code="a">Scott, Michael Lee,</subfield>
            <subfield code="d">1959-</subfield>
            <subfield code="4">aut</subfield>
          </datafield>
          <datafield ind1=" " ind2="0" tag="830">
            <subfield code="a">UR CSD;</subfield>
            <subfield code="v">TR311</subfield>
          </datafield>
          <datafield ind1="4" ind2="0" tag="856">
            <subfield code="u">http://hdl.handle.net/1953/425</subfield>
          </datafield>
        </record>
      </metadata>
    </record>