
    <record>
      <header>
        <identifier>oai:urresearch3.rochester.edu:284</identifier>
        <datestamp>2011-03-01T17:28:35Z</datestamp>
        <setSpec>3:97</setSpec>
      </header>
      <metadata>
        <record xmlns="http://www.loc.gov/MARC21/slim">
          <leader>00000 am a2200000Ka 4500</leader>
          <controlfield tag="006">m        d        </controlfield>
          <controlfield tag="007">cr||||||||||||</controlfield>
          <controlfield tag="008">      s1990            s           eng  </controlfield>
          <datafield ind1="1" ind2=" " tag="100">
            <subfield code="a">Mellor-Crummey, John M.,</subfield>
            <subfield code="d">1962-</subfield>
            <subfield code="4">aut</subfield>
          </datafield>
          <datafield ind1="1" ind2="0" tag="245">
            <subfield code="a">Algorithms for Scalable Synchronization on Shared-Memory Multiprocessors</subfield>
            <subfield code="h">[electronic resource] /</subfield>
            <subfield code="c">John M. Mellor-Crummey.</subfield>
          </datafield>
          <datafield ind1=" " ind2=" " tag="260">
            <subfield code="b">University of Rochester. Computer Science Department., </subfield>
            <subfield code="c">1990.</subfield>
          </datafield>
          <datafield ind1="1" ind2=" " tag="490">
            <subfield code="a">UR CSD;</subfield>
            <subfield code="v">TR342</subfield>
          </datafield>
          <datafield ind1="3" ind2=" " tag="520">
            <subfield code="a">Busy-wait techniques are heavily used for mutual exclusion and barrier synchronization in shared-memory parallel programs. Unfortunately, typical implementations of busy-waiting tend to produce large amounts of memory and interconnect contention, introducing performance bottlenecks that become markedly more pronounced as applications scale. We argue that this problem is not fundamental, and that one can in fact construct busy-wait synchronization algorithms that induce no memory or interconnect contention. The key to these algorithms is for every processor to spin on separate locally-accessible flag variables, and for some other processor to terminate the spin with a single remote write operation at an appropriate time. Flag variables may be locally-accessible as a result of coherent caching, or by virtue of allocation in the local portion of physically distributed shared memory.   We present a new scalable algorithm for spin locks that generates O(1) remote references per lock acquisition, independent of the number of processors attempting to acquire the lock. Our algorithm provides reasonable latency in the absence of contention, requires only a constant amount of space per lock, and requires no hardware support other than a swap-with-memory instruction. We also present a new scalable barrier algorithm that generates O(1) remote references per processor reaching the barrier, and observe that two previously-known barriers can likewise be cast in a form that spins only on locally-accessible flag variables. None of these barrier algorithms requires hardware support beyond the usual atomicity of memory reads and writes.     We compare the performance of our scalable algorithms with other software approaches to busy-wait synchronization on both a Sequent Symmetry and a BBN Butterfly. Our principal conclusion is that contention due to synchronization need not be a problem in large-scale shared-memory multiprocessors. The existence of scalable algorithms greatly weakens the case for costly special-purpose hardware support for synchronization, and provides a case against so-called ``dance hall'' architectures, in which shared memory locations are equally far from all processors.     The postscript here is the version from which the galleys were prepared.</subfield>
          </datafield>
          <datafield ind1=" " ind2=" " tag="540">
            <subfield code="a">This item is protected by copyright, with all rights reserved.</subfield>
          </datafield>
          <datafield ind1=" " ind2=" " tag="653">
            <subfield code="a">mcs lock MellorCrummeyScott90.</subfield>
          </datafield>
          <datafield ind1="1" ind2=" " tag="700">
            <subfield code="a">Scott, Michael Lee,</subfield>
            <subfield code="d">1959-</subfield>
            <subfield code="4">aut</subfield>
          </datafield>
          <datafield ind1=" " ind2="0" tag="830">
            <subfield code="a">UR CSD;</subfield>
            <subfield code="v">TR342</subfield>
          </datafield>
          <datafield ind1="4" ind2="0" tag="856">
            <subfield code="u">http://hdl.handle.net/1953/466</subfield>
          </datafield>
        </record>
      </metadata>
    </record>