
    <record>
      <header>
        <identifier>oai:urresearch3.rochester.edu:286</identifier>
        <datestamp>2011-03-01T17:28:35Z</datestamp>
        <setSpec>3:97</setSpec>
      </header>
      <metadata>
        <record xmlns="http://www.loc.gov/MARC21/slim">
          <leader>00000 am a2200000Ka 4500</leader>
          <controlfield tag="006">m        d        </controlfield>
          <controlfield tag="007">cr||||||||||||</controlfield>
          <controlfield tag="008">      s1991            s           eng  </controlfield>
          <datafield ind1="1" ind2=" " tag="100">
            <subfield code="a">Crowl, Lawrence A..</subfield>
            <subfield code="4">aut</subfield>
          </datafield>
          <datafield ind1="1" ind2="0" tag="245">
            <subfield code="a">Architectural Adaptability in Parallel Programming via Control Abstraction</subfield>
            <subfield code="h">[electronic resource] /</subfield>
            <subfield code="c">Lawrence A. Crowl.</subfield>
          </datafield>
          <datafield ind1=" " ind2=" " tag="260">
            <subfield code="b">University of Rochester. Computer Science Department., </subfield>
            <subfield code="c">1991.</subfield>
          </datafield>
          <datafield ind1="1" ind2=" " tag="490">
            <subfield code="a">UR CSD;</subfield>
            <subfield code="v">TR359</subfield>
          </datafield>
          <datafield ind1="3" ind2=" " tag="520">
            <subfield code="a">Parallel programming involves finding the potential parallelism in an application, choosing an algorithm, and mapping it to the architecture at hand. Since a typical algorithm has much more potential parallelism than any single architecture can effectively exploit, we usually program the parallelism that the available control constructs easily express and that the given architecture efficiently exploits. This approach produces programs that exhibit much less parallelism than the original algorithm and whose performance depends entirely on the underlying architecture. To port such a program to a new architecture, we must rewrite the program to remove any ineffective parallelism and to recover any lost parallelism appropriate for the new machine.   In this paper we show how to adapt a parallel program to different architectures using control abstraction. With control abstraction we can define and use a rich variety of control constructs to represent an algorithm's potential parallelism. Since control abstraction separates the definition of a construct from its implementation, a construct may have several different implementations, each exploiting a different subset of the parallelism admitted by the construct. By selecting an implementation for each control construct using annotations, we can vary the parallelism we choose to exploit without otherwise changing the source code. This approach produces programs that exhibit most of, if not all, the potential parallelism in an algorithm, and whose performance can be tuned for a specific architecture simply by choosing among the various implementations for the control constructs in use.</subfield>
          </datafield>
          <datafield ind1=" " ind2=" " tag="540">
            <subfield code="a">This item is protected by copyright, with all rights reserved.</subfield>
          </datafield>
          <datafield ind1=" " ind2=" " tag="653">
            <subfield code="a">architectural independence.</subfield>
          </datafield>
          <datafield ind1=" " ind2=" " tag="653">
            <subfield code="a">closure.</subfield>
          </datafield>
          <datafield ind1=" " ind2=" " tag="653">
            <subfield code="a">Matroshka.</subfield>
          </datafield>
          <datafield ind1="1" ind2=" " tag="700">
            <subfield code="a">LeBlanc, Thomas J..</subfield>
            <subfield code="4">aut</subfield>
          </datafield>
          <datafield ind1=" " ind2="0" tag="830">
            <subfield code="a">UR CSD;</subfield>
            <subfield code="v">TR359</subfield>
          </datafield>
          <datafield ind1="4" ind2="0" tag="856">
            <subfield code="u">http://hdl.handle.net/1953/426</subfield>
          </datafield>
        </record>
      </metadata>
    </record>