
    <record>
      <header>
        <identifier>oai:urresearch3.rochester.edu:287</identifier>
        <datestamp>2011-03-01T17:28:35Z</datestamp>
        <setSpec>3:97</setSpec>
      </header>
      <metadata>
        <record xmlns="http://www.loc.gov/MARC21/slim">
          <leader>00000 am a2200000Ka 4500</leader>
          <controlfield tag="006">m        d        </controlfield>
          <controlfield tag="007">cr||||||||||||</controlfield>
          <controlfield tag="008">      s1991            s           eng  </controlfield>
          <datafield ind1="1" ind2=" " tag="100">
            <subfield code="a">Markatos, Evangelos P..</subfield>
            <subfield code="4">aut</subfield>
          </datafield>
          <datafield ind1="1" ind2="4" tag="245">
            <subfield code="a">The Effects of Multiprogramming on Barrier Synchronization</subfield>
            <subfield code="h">[electronic resource] /</subfield>
            <subfield code="c">Evangelos P. Markatos.</subfield>
          </datafield>
          <datafield ind1=" " ind2=" " tag="260">
            <subfield code="b">University of Rochester. Computer Science Department., </subfield>
            <subfield code="c">1991.</subfield>
          </datafield>
          <datafield ind1="1" ind2=" " tag="490">
            <subfield code="a">UR CSD;</subfield>
            <subfield code="v">TR380</subfield>
          </datafield>
          <datafield ind1="3" ind2=" " tag="520">
            <subfield code="a">One of the most common ways to share a multiprocessor among several applications is to give each application a set of dedicated processors. To ensure fairness, an application may receive fewer processors than it has processes. Unless an application can easily adjust the number of processes it employs during execution, several processes from the same application may have to share a processor. In this paper we quantify the performance penalty that arises when more than one process from the same application runs on a single processor of a NUMA (NonUniform Memory Access) multiprocessor. We consider programs that use coarse-grain parallelism and barrier synchronization because they are particularly sensitive to multiprogramming. We quantify the impact on the performance of an application of quantum size, frequency of synchronization, and the type of barrier used. We conclude that dedicating processors to an application, even without migration or dynamic adjustment of the number of processes, is an effective scheduling policy even for programs that synchronize frequently using barriers. (A shortened version of this paper appeared in Proc., 3rd IEEE Symposium on Parallel and Distributed Processing, 662--669, December 1991.)</subfield>
          </datafield>
          <datafield ind1=" " ind2=" " tag="540">
            <subfield code="a">This item is protected by copyright, with all rights reserved.</subfield>
          </datafield>
          <datafield ind1=" " ind2=" " tag="653">
            <subfield code="a">tree barriers.</subfield>
          </datafield>
          <datafield ind1="1" ind2=" " tag="700">
            <subfield code="a">Das, P..</subfield>
            <subfield code="4">aut</subfield>
          </datafield>
          <datafield ind1="1" ind2=" " tag="700">
            <subfield code="a">Dubnicki, Cezary.</subfield>
            <subfield code="4">aut</subfield>
          </datafield>
          <datafield ind1="1" ind2=" " tag="700">
            <subfield code="a">LeBlanc, Thomas J..</subfield>
            <subfield code="4">aut</subfield>
          </datafield>
          <datafield ind1="1" ind2=" " tag="700">
            <subfield code="a">Crovella, Mark E..</subfield>
            <subfield code="4">aut</subfield>
          </datafield>
          <datafield ind1=" " ind2="0" tag="830">
            <subfield code="a">UR CSD;</subfield>
            <subfield code="v">TR380</subfield>
          </datafield>
          <datafield ind1="4" ind2="0" tag="856">
            <subfield code="u">http://hdl.handle.net/1953/427</subfield>
          </datafield>
        </record>
      </metadata>
    </record>