
    <record>
      <header>
        <identifier>oai:urresearch3.rochester.edu:288</identifier>
        <datestamp>2011-03-01T17:28:35Z</datestamp>
        <setSpec>3:97</setSpec>
      </header>
      <metadata>
        <record xmlns="http://www.loc.gov/MARC21/slim">
          <leader>00000 am a2200000Ka 4500</leader>
          <controlfield tag="006">m        d        </controlfield>
          <controlfield tag="007">cr||||||||||||</controlfield>
          <controlfield tag="008">      s1997            s           eng  </controlfield>
          <datafield ind1="1" ind2=" " tag="100">
            <subfield code="a">Zaki, Mohammed Javeed.</subfield>
            <subfield code="4">aut</subfield>
          </datafield>
          <datafield ind1="1" ind2="0" tag="245">
            <subfield code="a">Fast Mining of Sequential Patterns in Very Large Databases</subfield>
            <subfield code="h">[electronic resource] /</subfield>
            <subfield code="c">Mohammed Javeed Zaki.</subfield>
          </datafield>
          <datafield ind1=" " ind2=" " tag="260">
            <subfield code="b">University of Rochester. Computer Science Department., </subfield>
            <subfield code="c">1997.</subfield>
          </datafield>
          <datafield ind1="1" ind2=" " tag="490">
            <subfield code="a">UR CSD;</subfield>
            <subfield code="v">TR668</subfield>
          </datafield>
          <datafield ind1="3" ind2=" " tag="520">
            <subfield code="a">In this paper we present a new algorithm for fast discovery of Sequential Patterns. Given a collection of items, a set of records over those items, and records belonging to a customer, the task is to identify all the commonly occurring sequences of items bought by the customers. An example of a sequential pattern could be that 30% of the people buying Douglas Adam's "The Hitchhiker's Guide to the Galaxy" bought "The Restaurant at the End of the Universe" within a month.   The existing solutions to this problem make repeated database scans, and use complex hash structures which have poor locality. Our new SPADE algorithm uses only simple join operations, and finds all frequent sequences in usually only three database scans. With the help of extensive experiments, we show that SPADE outperforms the best previous algorithm by more than a factor of 2, and by more than an order of magnitude in the incremental case. It also has excellent scale-up properties with respect to the number of customers, the number of transactions per customer, the transaction size, and the size of potential maximal frequent sequences.</subfield>
          </datafield>
          <datafield ind1=" " ind2=" " tag="540">
            <subfield code="a">This item is protected by copyright, with all rights reserved.</subfield>
          </datafield>
          <datafield ind1=" " ind2=" " tag="653">
            <subfield code="a">data mining.</subfield>
          </datafield>
          <datafield ind1=" " ind2=" " tag="653">
            <subfield code="a">sequence discovery.</subfield>
          </datafield>
          <datafield ind1=" " ind2=" " tag="653">
            <subfield code="a">temporal association rules.</subfield>
          </datafield>
          <datafield ind1=" " ind2=" " tag="653">
            <subfield code="a">knowledge discovery.</subfield>
          </datafield>
          <datafield ind1=" " ind2=" " tag="653">
            <subfield code="a">sequential patterns.</subfield>
          </datafield>
          <datafield ind1=" " ind2="0" tag="830">
            <subfield code="a">UR CSD;</subfield>
            <subfield code="v">TR668</subfield>
          </datafield>
          <datafield ind1="4" ind2="0" tag="856">
            <subfield code="u">http://hdl.handle.net/1953/428</subfield>
          </datafield>
        </record>
      </metadata>
    </record>