
    <record>
      <header>
        <identifier>oai:urresearch3.rochester.edu:290</identifier>
        <datestamp>2011-03-01T17:28:35Z</datestamp>
        <setSpec>3:97</setSpec>
      </header>
      <metadata>
        <record xmlns="http://www.loc.gov/MARC21/slim">
          <leader>00000 am a2200000Ka 4500</leader>
          <controlfield tag="006">m        d        </controlfield>
          <controlfield tag="007">cr||||||||||||</controlfield>
          <controlfield tag="008">      s1991            s           eng  </controlfield>
          <datafield ind1="1" ind2=" " tag="100">
            <subfield code="a">Bolosky, William J..</subfield>
            <subfield code="4">aut</subfield>
          </datafield>
          <datafield ind1="1" ind2="0" tag="245">
            <subfield code="a">Evaluation of Multiprocessor Memory Systems Using Off-Line Optimal Behavior</subfield>
            <subfield code="h">[electronic resource] /</subfield>
            <subfield code="c">William J. Bolosky.</subfield>
          </datafield>
          <datafield ind1=" " ind2=" " tag="260">
            <subfield code="b">University of Rochester. Computer Science Department., </subfield>
            <subfield code="c">1991.</subfield>
          </datafield>
          <datafield ind1="1" ind2=" " tag="490">
            <subfield code="a">UR CSD;</subfield>
            <subfield code="v">TR403</subfield>
          </datafield>
          <datafield ind1="3" ind2=" " tag="520">
            <subfield code="a">In recent years, much effort has been devoted to analyzing the performance of distributed memory systems for multiprocessors. Such systems usually consist of a set of memories or caches, some device such as a bus or switch to connect the memories and processors, and a policy for determining when to put which addressable objects in which memories. In attempting to evaluate such systems, it has generally proven difficult to separate the performance implications of the hardware architecture from those of the policy that controls the hardware (whether implemented in software or hardware). In this paper we describe the use of off-line optimal analysis to achieve this separation. Using a trace-driven dynamic programming algorithm, we compute the policy decisions that would maximize overall memory system performance for a given program execution. The result allows us to eliminate the artifacts of any arbitrarily chosen policy when evaluating hardware performance, and provides a baseline against which to compare the performance of particular, realizable, policies. We illustrate this technique in the context of software-controlled page migration and replication, and argue for its applicability to other forms of multiprocessor memory management. (A revised version of this paper appeared in JPDC (Special Issue, Multiproessor Memory Systems), August 1992.)</subfield>
          </datafield>
          <datafield ind1=" " ind2=" " tag="540">
            <subfield code="a">This item is protected by copyright, with all rights reserved.</subfield>
          </datafield>
          <datafield ind1=" " ind2=" " tag="653">
            <subfield code="a">algorithm tracing.</subfield>
          </datafield>
          <datafield ind1=" " ind2=" " tag="653">
            <subfield code="a">trace based analysis.</subfield>
          </datafield>
          <datafield ind1="1" ind2=" " tag="700">
            <subfield code="a">Scott, Michael Lee,</subfield>
            <subfield code="d">1959-</subfield>
            <subfield code="4">aut</subfield>
          </datafield>
          <datafield ind1=" " ind2="0" tag="830">
            <subfield code="a">UR CSD;</subfield>
            <subfield code="v">TR403</subfield>
          </datafield>
          <datafield ind1="4" ind2="0" tag="856">
            <subfield code="u">http://hdl.handle.net/1953/430</subfield>
          </datafield>
        </record>
      </metadata>
    </record>