
    <record>
      <header>
        <identifier>oai:urresearch3.rochester.edu:291</identifier>
        <datestamp>2011-03-01T17:28:35Z</datestamp>
        <setSpec>3:97</setSpec>
      </header>
      <metadata>
        <record xmlns="http://www.loc.gov/MARC21/slim">
          <leader>00000 am a2200000Ka 4500</leader>
          <controlfield tag="006">m        d        </controlfield>
          <controlfield tag="007">cr||||||||||||</controlfield>
          <controlfield tag="008">      s1991            s           eng  </controlfield>
          <datafield ind1="1" ind2=" " tag="100">
            <subfield code="a">Markatos, Evangelos P..</subfield>
            <subfield code="4">aut</subfield>
          </datafield>
          <datafield ind1="1" ind2="0" tag="245">
            <subfield code="a">Load Balancing vs. Locality Management in Shared-Memory Multiprocessors</subfield>
            <subfield code="h">[electronic resource] /</subfield>
            <subfield code="c">Evangelos P. Markatos.</subfield>
          </datafield>
          <datafield ind1=" " ind2=" " tag="260">
            <subfield code="b">University of Rochester. Computer Science Department., </subfield>
            <subfield code="c">1991.</subfield>
          </datafield>
          <datafield ind1="1" ind2=" " tag="490">
            <subfield code="a">UR CSD;</subfield>
            <subfield code="v">TR399</subfield>
          </datafield>
          <datafield ind1="3" ind2=" " tag="520">
            <subfield code="a">A parallel application executes most efficiently when its workload is evenly distributed among the available processors, and processes are located close to their data. There is often a conflict between the goals of load balancing and locality management policies however, which many existing systems resolve in favor of load balancing. In this paper we use both experimentation and simulation to investigate the relationship between load balancing and locality management in shared-memory multiprocessors. Our experiments with applications on the BBN Butterfly multiprocessor show that although both techniques can improve application performance, locality management should be done before load balancing in many cases. Our simulations show that even in cases where there is a significant variation in the completion time of processes, or where the remote-to-local access time ratio is small, maximizing locality first and balancing load second usually results in the best performance. We conclude that the scheduler should not be oblivious to the location of data, as is the case with the popular central work queue model; instead, the location of data should be the primary factor influencing the initial assignment of processes to processors.</subfield>
          </datafield>
          <datafield ind1=" " ind2=" " tag="540">
            <subfield code="a">This item is protected by copyright, with all rights reserved.</subfield>
          </datafield>
          <datafield ind1=" " ind2=" " tag="653">
            <subfield code="a">locality management.</subfield>
          </datafield>
          <datafield ind1=" " ind2=" " tag="653">
            <subfield code="a">load balancing.</subfield>
          </datafield>
          <datafield ind1=" " ind2=" " tag="653">
            <subfield code="a">thread scheduling.</subfield>
          </datafield>
          <datafield ind1=" " ind2=" " tag="653">
            <subfield code="a">user-level scheduling.</subfield>
          </datafield>
          <datafield ind1="1" ind2=" " tag="700">
            <subfield code="a">LeBlanc, Thomas J..</subfield>
            <subfield code="4">aut</subfield>
          </datafield>
          <datafield ind1=" " ind2="0" tag="830">
            <subfield code="a">UR CSD;</subfield>
            <subfield code="v">TR399</subfield>
          </datafield>
          <datafield ind1="4" ind2="0" tag="856">
            <subfield code="u">http://hdl.handle.net/1953/431</subfield>
          </datafield>
        </record>
      </metadata>
    </record>