
    <record>
      <header>
        <identifier>oai:urresearch3.rochester.edu:292</identifier>
        <datestamp>2011-03-01T17:28:35Z</datestamp>
        <setSpec>3:97</setSpec>
      </header>
      <metadata>
        <record xmlns="http://www.loc.gov/MARC21/slim">
          <leader>00000 am a2200000Ka 4500</leader>
          <controlfield tag="006">m        d        </controlfield>
          <controlfield tag="007">cr||||||||||||</controlfield>
          <controlfield tag="008">      s1992            s           eng  </controlfield>
          <datafield ind1="1" ind2=" " tag="100">
            <subfield code="a">LeBlanc, Thomas J..</subfield>
            <subfield code="4">aut</subfield>
          </datafield>
          <datafield ind1="1" ind2="0" tag="245">
            <subfield code="a">Reconciling Sharing and Spatial Locality using Adjustable Block Size Coherent Caches</subfield>
            <subfield code="h">[electronic resource] /</subfield>
            <subfield code="c">Thomas J. LeBlanc.</subfield>
          </datafield>
          <datafield ind1=" " ind2=" " tag="260">
            <subfield code="b">University of Rochester. Computer Science Department., </subfield>
            <subfield code="c">1992.</subfield>
          </datafield>
          <datafield ind1="1" ind2=" " tag="490">
            <subfield code="a">UR CSD;</subfield>
            <subfield code="v">TR400</subfield>
          </datafield>
          <datafield ind1="3" ind2=" " tag="520">
            <subfield code="a">Several studies have shown that the performance of coherent caches depends on the relationship between the cache block size and the granularity of sharing and locality exhibited by the program. Large cache blocks exploit processor and spatial locality, but may cause unnecessary cache invalidations due to false sharing. Small cache blocks can reduce the number of cache invalidations, but increase the number of bus or network transactions required to load data into the cache. To reduce the performance impact of a mismatch between the cache block size and the sharing pattern exhibited by a given application, we propose to adjust the amount of data stored in a cache line dynamically according to recent reference patterns. In this scheme, cache blocks are split across cache lines when false sharing occurs, and merged back into a single cache line to exploit spatial locality. Results of simulations of a scalable multiprocessor indicate that, over a range of applications, an adjustable block size cache performs better than every fixed block size alternative. Moreover, for a given program, the adjustable block size cache is comparable in performance to the best fixed block size cache for that program. We conclude that adjusting the block size in response to reference behavior can significantly improve performance, especially when there is variability in the granularity of sharing exhibited by applications.</subfield>
          </datafield>
          <datafield ind1=" " ind2=" " tag="540">
            <subfield code="a">This item is protected by copyright, with all rights reserved.</subfield>
          </datafield>
          <datafield ind1=" " ind2=" " tag="653">
            <subfield code="a">block size.</subfield>
          </datafield>
          <datafield ind1=" " ind2=" " tag="653">
            <subfield code="a">sharing.</subfield>
          </datafield>
          <datafield ind1=" " ind2=" " tag="653">
            <subfield code="a">spatial locality.</subfield>
          </datafield>
          <datafield ind1=" " ind2=" " tag="653">
            <subfield code="a">coherent caches.</subfield>
          </datafield>
          <datafield ind1=" " ind2=" " tag="653">
            <subfield code="a">scalable multiprocessors.</subfield>
          </datafield>
          <datafield ind1="1" ind2=" " tag="700">
            <subfield code="a">Dubnicki, Cezary.</subfield>
            <subfield code="4">aut</subfield>
          </datafield>
          <datafield ind1=" " ind2="0" tag="830">
            <subfield code="a">UR CSD;</subfield>
            <subfield code="v">TR400</subfield>
          </datafield>
          <datafield ind1="4" ind2="0" tag="856">
            <subfield code="u">http://hdl.handle.net/1953/432</subfield>
          </datafield>
        </record>
      </metadata>
    </record>