
    <record>
      <header>
        <identifier>oai:urresearch3.rochester.edu:293</identifier>
        <datestamp>2011-03-01T17:28:35Z</datestamp>
        <setSpec>3:97</setSpec>
      </header>
      <metadata>
        <record xmlns="http://www.loc.gov/MARC21/slim">
          <leader>00000 am a2200000Ka 4500</leader>
          <controlfield tag="006">m        d        </controlfield>
          <controlfield tag="007">cr||||||||||||</controlfield>
          <controlfield tag="008">      s1992            s           eng  </controlfield>
          <datafield ind1="1" ind2=" " tag="100">
            <subfield code="a">Markatos, Evangelos P..</subfield>
            <subfield code="4">aut</subfield>
          </datafield>
          <datafield ind1="1" ind2="0" tag="245">
            <subfield code="a">Using Processor Affinity in Loop Scheduling on Shared-Memory Multiprocessors</subfield>
            <subfield code="h">[electronic resource] /</subfield>
            <subfield code="c">Evangelos P. Markatos.</subfield>
          </datafield>
          <datafield ind1=" " ind2=" " tag="260">
            <subfield code="b">University of Rochester. Computer Science Department., </subfield>
            <subfield code="c">1992.</subfield>
          </datafield>
          <datafield ind1="1" ind2=" " tag="490">
            <subfield code="a">UR CSD;</subfield>
            <subfield code="v">TR410</subfield>
          </datafield>
          <datafield ind1="3" ind2=" " tag="520">
            <subfield code="a">Loops are the single largest source of parallelism in many applications. One way to exploit this parallelism, and thereby minimize program execution time, is to execute loop iterations in parallel on different processors. Traditional approaches to loop scheduling attempt to achieve the minimum completion time by distributing the workload as evenly as possible, while minimizing the number of synchronization operations required. In this paper we consider a third dimension to the problem of loop scheduling on shared-memory multiprocessors: communication overhead caused by accesses to non-local data. We show that traditional algorithms for loop scheduling, which ignore the location of data when assigning iterations to processors, incur a significant performance penalty on modern shared-memory multiprocessors. We propose a new loop scheduling algorithm that attempts to simultaneously balance the workload, minimize synchronization, and co-locate loop iterations with the necessary data. We compare the performance of this new algorithm to other known algorithms using five representative applications on a Silicon Graphics multiprocessor workstation, a BBN Butterfly, and a Sequent Symmetry, and show that the new algorithm offers substantial performance improvements, up to a factor of 3 in some cases. We conclude that loop scheduling algorithms for shared-memory multiprocessors cannot afford to ignore the location of data, particularly in light of the increasing disparity between processor and memory speeds.</subfield>
          </datafield>
          <datafield ind1=" " ind2=" " tag="540">
            <subfield code="a">This item is protected by copyright, with all rights reserved.</subfield>
          </datafield>
          <datafield ind1=" " ind2=" " tag="653">
            <subfield code="a">loop scheduling.</subfield>
          </datafield>
          <datafield ind1=" " ind2=" " tag="653">
            <subfield code="a">locality management.</subfield>
          </datafield>
          <datafield ind1=" " ind2=" " tag="653">
            <subfield code="a">load balancing.</subfield>
          </datafield>
          <datafield ind1=" " ind2=" " tag="653">
            <subfield code="a">central workqueues.</subfield>
          </datafield>
          <datafield ind1="1" ind2=" " tag="700">
            <subfield code="a">LeBlanc, Thomas J..</subfield>
            <subfield code="4">aut</subfield>
          </datafield>
          <datafield ind1=" " ind2="0" tag="830">
            <subfield code="a">UR CSD;</subfield>
            <subfield code="v">TR410</subfield>
          </datafield>
          <datafield ind1="4" ind2="0" tag="856">
            <subfield code="u">http://hdl.handle.net/1953/433</subfield>
          </datafield>
        </record>
      </metadata>
    </record>