
    <record>
      <header>
        <identifier>oai:urresearch3.rochester.edu:294</identifier>
        <datestamp>2011-03-01T17:28:35Z</datestamp>
        <setSpec>3:97</setSpec>
      </header>
      <metadata>
        <record xmlns="http://www.loc.gov/MARC21/slim">
          <leader>00000 am a2200000Ka 4500</leader>
          <controlfield tag="006">m        d        </controlfield>
          <controlfield tag="007">cr||||||||||||</controlfield>
          <controlfield tag="008">      s1992            s           eng  </controlfield>
          <datafield ind1="1" ind2=" " tag="100">
            <subfield code="a">Kontothanassis, Leonidas I..</subfield>
            <subfield code="4">aut</subfield>
          </datafield>
          <datafield ind1="1" ind2="0" tag="245">
            <subfield code="a">Improving Processor and Cache Locality in Fine-Grain Parallel Computations using Object-Affinity Scheduling and Continuation Passing</subfield>
            <subfield code="h">[electronic resource] /</subfield>
            <subfield code="c">Leonidas I. Kontothanassis.</subfield>
          </datafield>
          <datafield ind1=" " ind2=" " tag="260">
            <subfield code="b">University of Rochester. Computer Science Department., </subfield>
            <subfield code="c">1992.</subfield>
          </datafield>
          <datafield ind1="1" ind2=" " tag="490">
            <subfield code="a">UR CSD;</subfield>
            <subfield code="v">TR411</subfield>
          </datafield>
          <datafield ind1="3" ind2=" " tag="520">
            <subfield code="a">On recent high-performance multiprocessors, there is a potential conflict between the goals of achieving the full performance potential of the hardware and providing a parallel programming environment that makes effective use of programmer effort. On one hand, an explicit coarse-grain programming style may appear to be necessary, both to achieve good cache performance and to limit the amount of overhead due to context switching and synchronization. On the other hand, it may be more expedient to use more natural and finer-grain programming styles based on abstractions such as task heaps, light-weight threads, parallel loops, or object-oriented parallelism. Unfortunately, using these styles can cause a loss of performance due to poor locality and high overhead. We claim that the locality issue in fine-grain parallel programs can be addressed effectively by using object-affinity scheduling and that the overhead can be reduced substantially by representing tasks as templates that are managed using continuation-passing style mechanisms. We present supporting evidence for these claims in the form of experimental measurements of programs running on Mercury, an object-oriented system implemented on an SGI 4D/480 multiprocessor.</subfield>
          </datafield>
          <datafield ind1=" " ind2=" " tag="540">
            <subfield code="a">This item is protected by copyright, with all rights reserved.</subfield>
          </datafield>
          <datafield ind1=" " ind2=" " tag="653">
            <subfield code="a">scheduling.</subfield>
          </datafield>
          <datafield ind1=" " ind2=" " tag="653">
            <subfield code="a">continuation passing.</subfield>
          </datafield>
          <datafield ind1=" " ind2=" " tag="653">
            <subfield code="a">Mercury.</subfield>
          </datafield>
          <datafield ind1=" " ind2=" " tag="653">
            <subfield code="a">object affinity.</subfield>
          </datafield>
          <datafield ind1=" " ind2=" " tag="653">
            <subfield code="a">templates.</subfield>
          </datafield>
          <datafield ind1="1" ind2=" " tag="700">
            <subfield code="a">Fowler, Robert J..</subfield>
            <subfield code="4">aut</subfield>
          </datafield>
          <datafield ind1=" " ind2="0" tag="830">
            <subfield code="a">UR CSD;</subfield>
            <subfield code="v">TR411</subfield>
          </datafield>
          <datafield ind1="4" ind2="0" tag="856">
            <subfield code="u">http://hdl.handle.net/1953/434</subfield>
          </datafield>
        </record>
      </metadata>
    </record>