
    <record>
      <header>
        <identifier>oai:urresearch3.rochester.edu:295</identifier>
        <datestamp>2011-03-01T17:28:35Z</datestamp>
        <setSpec>3:97</setSpec>
      </header>
      <metadata>
        <record xmlns="http://www.loc.gov/MARC21/slim">
          <leader>00000 am a2200000Ka 4500</leader>
          <controlfield tag="006">m        d        </controlfield>
          <controlfield tag="007">cr||||||||||||</controlfield>
          <controlfield tag="008">      s1992            s           eng  </controlfield>
          <datafield ind1="1" ind2=" " tag="100">
            <subfield code="a">Veenstra, Jack E..</subfield>
            <subfield code="4">aut</subfield>
          </datafield>
          <datafield ind1="1" ind2="2" tag="245">
            <subfield code="a">A Performance Evaluation of Optimal Hybrid Cache Coherency Protocols</subfield>
            <subfield code="h">[electronic resource] /</subfield>
            <subfield code="c">Jack E. Veenstra.</subfield>
          </datafield>
          <datafield ind1=" " ind2=" " tag="260">
            <subfield code="b">University of Rochester. Computer Science Department., </subfield>
            <subfield code="c">1992.</subfield>
          </datafield>
          <datafield ind1="1" ind2=" " tag="490">
            <subfield code="a">UR CSD;</subfield>
            <subfield code="v">TR414</subfield>
          </datafield>
          <datafield ind1="3" ind2=" " tag="520">
            <subfield code="a">The caches within a multiprocessor typically use either a write-invalidate protocol or a write-update protocol to maintain consistency. The recently introduced MIPS R4000 processor allows operating system software to select, on a per-page basis, which multiprocessor cache coherence protocol (write-invalidate versus write-update) the hardware will use. The availability of the R4000 and the prospect of even more flexible hardware motivated us to examine the potential performance advantages of allowing user-level control over the choice of coherence protocol on a per-page basis and to ask whether more powerful hybrid protocols provide substantially more benefit. We examine the potential benefits of three classes of hybrid protocols: (1) hybrid protocols that choose statically, at the beginning of the program, between write-invalidate (WI) or write-update (WU) on a per-page basis, (2) hybrid protocols that choose statically between WI or WU for each cache block, and (3) dynamic hybrid protocols that can choose between WI or WU at each write. In order to determine how much potential benefit could be obtained by each of these protocol classes, we used trace-driven simulations to evaluate the optimal off-line protocol for each class. We found that the use of a hybrid protocol can substantially reduce the cost of memory references for most of the programs studied. A few programs can also realize large additional benefits from a per-block static hybrid protocol compared to a per-page static hybrid protocol. None of the programs, however, receive a significant additional benefit from using a dynamic hybrid protocol compared to the per-block static hybrid protocol, unless cache block sizes are larger than 16 words (64 bytes).</subfield>
          </datafield>
          <datafield ind1=" " ind2=" " tag="540">
            <subfield code="a">This item is protected by copyright, with all rights reserved.</subfield>
          </datafield>
          <datafield ind1=" " ind2=" " tag="653">
            <subfield code="a">write-invalidate.</subfield>
          </datafield>
          <datafield ind1=" " ind2=" " tag="653">
            <subfield code="a">write-update.</subfield>
          </datafield>
          <datafield ind1=" " ind2=" " tag="653">
            <subfield code="a">hybrid protocols.</subfield>
          </datafield>
          <datafield ind1=" " ind2=" " tag="653">
            <subfield code="a">trace-driven simulation.</subfield>
          </datafield>
          <datafield ind1=" " ind2=" " tag="653">
            <subfield code="a">performance evaluation.</subfield>
          </datafield>
          <datafield ind1="1" ind2=" " tag="700">
            <subfield code="a">Fowler, Robert J..</subfield>
            <subfield code="4">aut</subfield>
          </datafield>
          <datafield ind1=" " ind2="0" tag="830">
            <subfield code="a">UR CSD;</subfield>
            <subfield code="v">TR414</subfield>
          </datafield>
          <datafield ind1="4" ind2="0" tag="856">
            <subfield code="u">http://hdl.handle.net/1953/435</subfield>
          </datafield>
        </record>
      </metadata>
    </record>