
    <record>
      <header>
        <identifier>oai:urresearch3.rochester.edu:297</identifier>
        <datestamp>2011-03-01T17:28:35Z</datestamp>
        <setSpec>3:97</setSpec>
      </header>
      <metadata>
        <record xmlns="http://www.loc.gov/MARC21/slim">
          <leader>00000 am a2200000Ka 4500</leader>
          <controlfield tag="006">m        d        </controlfield>
          <controlfield tag="007">cr||||||||||||</controlfield>
          <controlfield tag="008">      s1992            s           eng  </controlfield>
          <datafield ind1="1" ind2=" " tag="100">
            <subfield code="a">LeBlanc, Thomas J..</subfield>
            <subfield code="4">aut</subfield>
          </datafield>
          <datafield ind1="1" ind2="0" tag="245">
            <subfield code="a">Shared-Memory Multiprocessor Trends and the Implications for Parallel Program Performance</subfield>
            <subfield code="h">[electronic resource] /</subfield>
            <subfield code="c">Thomas J. LeBlanc.</subfield>
          </datafield>
          <datafield ind1=" " ind2=" " tag="260">
            <subfield code="b">University of Rochester. Computer Science Department., </subfield>
            <subfield code="c">1992.</subfield>
          </datafield>
          <datafield ind1="1" ind2=" " tag="490">
            <subfield code="a">UR CSD;</subfield>
            <subfield code="v">TR420</subfield>
          </datafield>
          <datafield ind1="3" ind2=" " tag="520">
            <subfield code="a">The last decade has produced enormous improvements in processor speeds without a corresponding improvement in bus or interconnection network speeds. As a result, the relative costs of communication and computation in shared-memory multiprocessors have changed dramatically. An important consequence of this trend is that many parallel applications, which depend on a delicate balance between the cost of communication and computation, do not execute efficiently on today's shared-memory multiprocessors.   In this paper we quantify the effect of this trend in multiprocessor architecture on parallel program performance. Our experiments on bus-based, cache-coherent machines like the Sequent Symmetry, and large-scale distributed-memory machines like the BBN Butterfly, demonstrate that applications scale much better on previous-generation machines than on current machines. In addition, we show that some scalable machines support fine-grain, shared-memory programs better than some bus-based, cache-coherent machines, without significantly greater programming effort. From our experiments we conclude that communication has become a dominant source of inefficiency in shared-memory multiprocessors, with serious consequences for system software involved in scheduling and decomposition decisions. In particular, we argue that shared-memory programming models that could be implemented efficiently on the machines of yesterday do not readily port to state-of-the-art machines, and that current software trends in support of fine-grain parallel programming are at odds with hardware trends.</subfield>
          </datafield>
          <datafield ind1=" " ind2=" " tag="540">
            <subfield code="a">This item is protected by copyright, with all rights reserved.</subfield>
          </datafield>
          <datafield ind1=" " ind2=" " tag="653">
            <subfield code="a">parallel program performance.</subfield>
          </datafield>
          <datafield ind1=" " ind2=" " tag="653">
            <subfield code="a">BBN Butterfly.</subfield>
          </datafield>
          <datafield ind1=" " ind2=" " tag="653">
            <subfield code="a">system software efficiency.</subfield>
          </datafield>
          <datafield ind1=" " ind2=" " tag="653">
            <subfield code="a">shared-memory programming models.</subfield>
          </datafield>
          <datafield ind1=" " ind2=" " tag="653">
            <subfield code="a">multiprocessor architecture.</subfield>
          </datafield>
          <datafield ind1=" " ind2=" " tag="653">
            <subfield code="a">Sequent Symmetry.</subfield>
          </datafield>
          <datafield ind1="1" ind2=" " tag="700">
            <subfield code="a">Markatos, Evangelos P..</subfield>
            <subfield code="4">aut</subfield>
          </datafield>
          <datafield ind1=" " ind2="0" tag="830">
            <subfield code="a">UR CSD;</subfield>
            <subfield code="v">TR420</subfield>
          </datafield>
          <datafield ind1="4" ind2="0" tag="856">
            <subfield code="u">http://hdl.handle.net/1953/481</subfield>
          </datafield>
        </record>
      </metadata>
    </record>