
    <record>
      <header>
        <identifier>oai:urresearch3.rochester.edu:299</identifier>
        <datestamp>2011-03-01T17:28:35Z</datestamp>
        <setSpec>3:97</setSpec>
      </header>
      <metadata>
        <record xmlns="http://www.loc.gov/MARC21/slim">
          <leader>00000 am a2200000Ka 4500</leader>
          <controlfield tag="006">m        d        </controlfield>
          <controlfield tag="007">cr||||||||||||</controlfield>
          <controlfield tag="008">      s1992            s           eng  </controlfield>
          <datafield ind1="1" ind2=" " tag="100">
            <subfield code="a">Scott, Michael Lee,</subfield>
            <subfield code="d">1959-</subfield>
            <subfield code="4">aut</subfield>
          </datafield>
          <datafield ind1="1" ind2="2" tag="245">
            <subfield code="a">A Trace-Based Comparison of Shared Memory Multiprocessor Architectures</subfield>
            <subfield code="h">[electronic resource] /</subfield>
            <subfield code="c">Michael Lee Scott.</subfield>
          </datafield>
          <datafield ind1=" " ind2=" " tag="260">
            <subfield code="b">University of Rochester. Computer Science Department., </subfield>
            <subfield code="c">1992.</subfield>
          </datafield>
          <datafield ind1="1" ind2=" " tag="490">
            <subfield code="a">UR CSD;</subfield>
            <subfield code="v">TR432</subfield>
          </datafield>
          <datafield ind1="3" ind2=" " tag="520">
            <subfield code="a">There are three major classes of MIMD multiprocessors: cache-coherent machines, NUMA (non-uniform memory reference) machines without cache coherence, and distributed-memory multicomputers. All three classes can be used to run shared-memory applications, though the third requires software support in order to do so, and the second requires software support in order to do so well. We use trace-driven simulation to compare the performance of these classes, in an attempt to determine the effect of various architectural features and parameters on overall program performance. For those systems whose hardware or software supports both coherent caching (migration, replication) and remote reference, we use optimal off-line analysis to make the correct decision in all cases. This technique allows us to evaluate architectural alternatives without worrying that the results may be biased by a poor data placement policy. We find that the size of the unit of coherence (page or cache line) is the dominant factor in performance; that NUMA systems can have performance comparable to that of cache coherent machines; and that even relatively expensive, software-implemented remote reference is beneficial in distributed shared memory machines.</subfield>
          </datafield>
          <datafield ind1=" " ind2=" " tag="540">
            <subfield code="a">This item is protected by copyright, with all rights reserved.</subfield>
          </datafield>
          <datafield ind1=" " ind2=" " tag="653">
            <subfield code="a">software coherence.</subfield>
          </datafield>
          <datafield ind1=" " ind2=" " tag="653">
            <subfield code="a">shared memory multiprocessor.</subfield>
          </datafield>
          <datafield ind1=" " ind2=" " tag="653">
            <subfield code="a">optimal analysis.</subfield>
          </datafield>
          <datafield ind1="1" ind2=" " tag="700">
            <subfield code="a">Bolosky, William J..</subfield>
            <subfield code="4">aut</subfield>
          </datafield>
          <datafield ind1=" " ind2="0" tag="830">
            <subfield code="a">UR CSD;</subfield>
            <subfield code="v">TR432</subfield>
          </datafield>
          <datafield ind1="4" ind2="0" tag="856">
            <subfield code="u">http://hdl.handle.net/1953/437</subfield>
          </datafield>
        </record>
      </metadata>
    </record>