
    <record>
      <header>
        <identifier>oai:urresearch3.rochester.edu:300</identifier>
        <datestamp>2011-03-01T17:28:35Z</datestamp>
        <setSpec>3:97</setSpec>
      </header>
      <metadata>
        <record xmlns="http://www.loc.gov/MARC21/slim">
          <leader>00000 am a2200000Ka 4500</leader>
          <controlfield tag="006">m        d        </controlfield>
          <controlfield tag="007">cr||||||||||||</controlfield>
          <controlfield tag="008">      s1993            s           eng  </controlfield>
          <datafield ind1="1" ind2=" " tag="100">
            <subfield code="a">Bianchini, Ricardo.</subfield>
            <subfield code="4">aut</subfield>
          </datafield>
          <datafield ind1="1" ind2="0" tag="245">
            <subfield code="a">Parallel Genetic Algorithms on Distributed-Memory Architectures</subfield>
            <subfield code="h">[electronic resource] /</subfield>
            <subfield code="c">Ricardo Bianchini.</subfield>
          </datafield>
          <datafield ind1=" " ind2=" " tag="260">
            <subfield code="b">University of Rochester. Computer Science Department., </subfield>
            <subfield code="c">1993.</subfield>
          </datafield>
          <datafield ind1="1" ind2=" " tag="490">
            <subfield code="a">UR CSD;</subfield>
            <subfield code="v">TR436</subfield>
          </datafield>
          <datafield ind1="3" ind2=" " tag="520">
            <subfield code="a">The implementation of parallel genetic algorithms raises many important issues. These issues can be divided into two main classes: genetic search quality and execution performance. In the context of parallel genetic algorithms on distributed-memory computers, performance considerations have always driven the design of implementations. Thus, centralized implementations have almost always been excluded from any consideration for distributed-memory architectures.   The work we present here defines a set of genetic algorithm implementation alternatives for distributed-memory computers, in which strategies with some centralization are included. Each of our implementation alternatives uses a different level of distribution of the population, from the single logically centralized population to a totally distributed set of subpopulations.     The design alternatives we define can be applied to the implementation of any parallel genetic algorithm. As an example of such an implementation, we study the quality of the search and the execution performance of our strategies on the 0-1 Integer Linear Programming problem, on a Transputer network. Our results show that implementations incurring higher overheads can produce as good or better solutions faster than than very "efficient" implementations, depending on the characteristics of the problem at hand. More specifically, in some cases, utilizing more centralized parallel genetic search strategies results in the fastest convergence towards the optimal solution, therefore reducing the number of generations needed by the algorithm.</subfield>
          </datafield>
          <datafield ind1=" " ind2=" " tag="540">
            <subfield code="a">This item is protected by copyright, with all rights reserved.</subfield>
          </datafield>
          <datafield ind1=" " ind2=" " tag="653">
            <subfield code="a">parallel genetic algorithms.</subfield>
          </datafield>
          <datafield ind1=" " ind2=" " tag="653">
            <subfield code="a">integer linear programming.</subfield>
          </datafield>
          <datafield ind1=" " ind2=" " tag="653">
            <subfield code="a">transputers.</subfield>
          </datafield>
          <datafield ind1=" " ind2=" " tag="653">
            <subfield code="a">distributed-memory systems.</subfield>
          </datafield>
          <datafield ind1="1" ind2=" " tag="700">
            <subfield code="a">Brown, Christopher M.,</subfield>
            <subfield code="d">1945-</subfield>
            <subfield code="4">aut</subfield>
          </datafield>
          <datafield ind1=" " ind2="0" tag="830">
            <subfield code="a">UR CSD;</subfield>
            <subfield code="v">TR436</subfield>
          </datafield>
          <datafield ind1="4" ind2="0" tag="856">
            <subfield code="u">http://hdl.handle.net/1953/438</subfield>
          </datafield>
        </record>
      </metadata>
    </record>