
    <record>
      <header>
        <identifier>oai:urresearch3.rochester.edu:301</identifier>
        <datestamp>2011-03-01T17:28:35Z</datestamp>
        <setSpec>3:97</setSpec>
      </header>
      <metadata>
        <record xmlns="http://www.loc.gov/MARC21/slim">
          <leader>00000 am a2200000Ka 4500</leader>
          <controlfield tag="006">m        d        </controlfield>
          <controlfield tag="007">cr||||||||||||</controlfield>
          <controlfield tag="008">      s1993            s           eng  </controlfield>
          <datafield ind1="1" ind2=" " tag="100">
            <subfield code="a">Bianchini, Ricardo.</subfield>
            <subfield code="4">aut</subfield>
          </datafield>
          <datafield ind1="1" ind2="0" tag="245">
            <subfield code="a">Alleviating Memory Contention in Matrix Computations on Large-Scale Shared-Memory Multiprocessors</subfield>
            <subfield code="h">[electronic resource] /</subfield>
            <subfield code="c">Ricardo Bianchini.</subfield>
          </datafield>
          <datafield ind1=" " ind2=" " tag="260">
            <subfield code="b">University of Rochester. Computer Science Department., </subfield>
            <subfield code="c">1993.</subfield>
          </datafield>
          <datafield ind1="1" ind2=" " tag="490">
            <subfield code="a">UR CSD;</subfield>
            <subfield code="v">TR449</subfield>
          </datafield>
          <datafield ind1="3" ind2=" " tag="520">
            <subfield code="a">Memory contention can be a major source of overhead in large-scale shared-memory multiprocessors. Although there are many hardware solutions to the problem of memory contention, these solutions are often complex and expensive, so software solutions are an attractive alternative. This paper evaluates one particular software solution, called block-column allocation, which is very effective at reducing memory contention for a large class of SPMD (Single-Program-Multiple-Data) programs, and can be implemented easily by the compiler. We first quantify the impact of memory contention on performance by simulating the execution of several application kernels on a large-scale multiprocessor. Our simulation results confirm that memory contention is widespread on large-scale machines; our applications suggest that contention is usually caused by synchronized access to a range of addresses (rather than to a single address). We show that block-column allocation, where each range of addresses is divided into cache lines, and each cache line is allocated to a separate memory module, can nearly eliminate this source of memory contention. As our main contribution, we compare block-column allocation to row-major allocation (a common data allocation scheme) and logarithmic broadcasting (the standard software technique for alleviating memory contention). Our analysis demonstrates the clear superiority of block-column allocation over row-major allocation in the presence of memory contention. Our analysis also indicates that the choice between block-column allocation and logarithmic broadcasting is less clear, as it depends both on the type of synchronization used and the number of processors. We can conclude, however, that on large-scale machines with hundreds of processors, block-column allocation and lock-based synchronization is the most effective combination for reducing memory contention in SPMD matrix computations.</subfield>
          </datafield>
          <datafield ind1=" " ind2=" " tag="540">
            <subfield code="a">This item is protected by copyright, with all rights reserved.</subfield>
          </datafield>
          <datafield ind1=" " ind2=" " tag="653">
            <subfield code="a">memory contention.</subfield>
          </datafield>
          <datafield ind1=" " ind2=" " tag="653">
            <subfield code="a">row-major allocation.</subfield>
          </datafield>
          <datafield ind1=" " ind2=" " tag="653">
            <subfield code="a">logarithmic broadcasting.</subfield>
          </datafield>
          <datafield ind1=" " ind2=" " tag="653">
            <subfield code="a">lock-based synchronization.</subfield>
          </datafield>
          <datafield ind1=" " ind2=" " tag="653">
            <subfield code="a">large-scale shared-memory multiprocessors.</subfield>
          </datafield>
          <datafield ind1=" " ind2=" " tag="653">
            <subfield code="a">block-column allocation.</subfield>
          </datafield>
          <datafield ind1="1" ind2=" " tag="700">
            <subfield code="a">Crovella, Mark E..</subfield>
            <subfield code="4">aut</subfield>
          </datafield>
          <datafield ind1="1" ind2=" " tag="700">
            <subfield code="a">Kontothanassis, Leonidas I..</subfield>
            <subfield code="4">aut</subfield>
          </datafield>
          <datafield ind1="1" ind2=" " tag="700">
            <subfield code="a">LeBlanc, Thomas J..</subfield>
            <subfield code="4">aut</subfield>
          </datafield>
          <datafield ind1=" " ind2="0" tag="830">
            <subfield code="a">UR CSD;</subfield>
            <subfield code="v">TR449</subfield>
          </datafield>
          <datafield ind1="4" ind2="0" tag="856">
            <subfield code="u">http://hdl.handle.net/1953/482</subfield>
          </datafield>
        </record>
      </metadata>
    </record>