
    <record>
      <header>
        <identifier>oai:urresearch3.rochester.edu:302</identifier>
        <datestamp>2011-03-01T17:28:35Z</datestamp>
        <setSpec>3:97</setSpec>
      </header>
      <metadata>
        <record xmlns="http://www.loc.gov/MARC21/slim">
          <leader>00000 am a2200000Ka 4500</leader>
          <controlfield tag="006">m        d        </controlfield>
          <controlfield tag="007">cr||||||||||||</controlfield>
          <controlfield tag="008">      s1993            s           eng  </controlfield>
          <datafield ind1="1" ind2=" " tag="100">
            <subfield code="a">Crowl, Lawrence A..</subfield>
            <subfield code="4">aut</subfield>
          </datafield>
          <datafield ind1="1" ind2="0" tag="245">
            <subfield code="a">Beyond Data Parallelism: The Advantages of Multiple Parallelizations in Combinatorial Search</subfield>
            <subfield code="h">[electronic resource] /</subfield>
            <subfield code="c">Lawrence A. Crowl.</subfield>
          </datafield>
          <datafield ind1=" " ind2=" " tag="260">
            <subfield code="b">University of Rochester. Computer Science Department., </subfield>
            <subfield code="c">1993.</subfield>
          </datafield>
          <datafield ind1="1" ind2=" " tag="490">
            <subfield code="a">UR CSD;</subfield>
            <subfield code="v">TR451</subfield>
          </datafield>
          <datafield ind1="3" ind2=" " tag="520">
            <subfield code="a">Two popular myths concerning parallel programming are: (1) there is a ``best'' parallelization for a given application on a given class of machine and (2) loop-based data parallelism captures all useful parallelizations. We challenge these myths by considering alternative parallelizations of combinatorial search, examining the factors that determine the best-performing option for this important class of problems. Using subgraph isomorphism as a representative search problem, we show how the density of the solution space, the number of solutions desired, the number of available processors, and the underlying architecture affect the choice of an efficient parallelization. Our experiments, which span seven different shared-memory machines and a wide range of input graphs, indicate that relative performance depends on each of these factors. On some machines and for some inputs, a sequential depth-first search of the solution space, applying data parallelism at each node in the search tree, performs best. On other machines or other inputs, parallel tree search, with no data parallelism, performs best. In still other cases, a hybrid solution, containing both parallel tree search and data parallelism, works best. From these experiences we conclude that there is no one ``best'' parallelization that suffices over a range of machines, inputs, and precise problem specifications. As a corollary, we argue that programming environments should not focus exclusively on data parallelism, since parallel tree search or hybrid forms of parallelism may perform better for some applications.</subfield>
          </datafield>
          <datafield ind1=" " ind2=" " tag="540">
            <subfield code="a">This item is protected by copyright, with all rights reserved.</subfield>
          </datafield>
          <datafield ind1=" " ind2=" " tag="653">
            <subfield code="a">data parallelism.</subfield>
          </datafield>
          <datafield ind1=" " ind2=" " tag="653">
            <subfield code="a">parallel search.</subfield>
          </datafield>
          <datafield ind1=" " ind2=" " tag="653">
            <subfield code="a">subgraph isomorphism.</subfield>
          </datafield>
          <datafield ind1=" " ind2=" " tag="653">
            <subfield code="a">Natasha.</subfield>
          </datafield>
          <datafield ind1="1" ind2=" " tag="700">
            <subfield code="a">Crovella, Mark E..</subfield>
            <subfield code="4">aut</subfield>
          </datafield>
          <datafield ind1="1" ind2=" " tag="700">
            <subfield code="a">LeBlanc, Thomas J..</subfield>
            <subfield code="4">aut</subfield>
          </datafield>
          <datafield ind1="1" ind2=" " tag="700">
            <subfield code="a">Scott, Michael Lee,</subfield>
            <subfield code="d">1959-</subfield>
            <subfield code="4">aut</subfield>
          </datafield>
          <datafield ind1=" " ind2="0" tag="830">
            <subfield code="a">UR CSD;</subfield>
            <subfield code="v">TR451</subfield>
          </datafield>
          <datafield ind1="4" ind2="0" tag="856">
            <subfield code="u">http://hdl.handle.net/1953/439</subfield>
          </datafield>
        </record>
      </metadata>
    </record>