
    <record>
      <header>
        <identifier>oai:urresearch3.rochester.edu:303</identifier>
        <datestamp>2011-03-01T17:28:35Z</datestamp>
        <setSpec>3:97</setSpec>
      </header>
      <metadata>
        <record xmlns="http://www.loc.gov/MARC21/slim">
          <leader>00000 am a2200000Ka 4500</leader>
          <controlfield tag="006">m        d        </controlfield>
          <controlfield tag="007">cr||||||||||||</controlfield>
          <controlfield tag="008">      s1993            s           eng  </controlfield>
          <datafield ind1="1" ind2=" " tag="100">
            <subfield code="a">Wisniewski, Robert W.,</subfield>
            <subfield code="d">1968-</subfield>
            <subfield code="4">aut</subfield>
          </datafield>
          <datafield ind1="1" ind2="0" tag="245">
            <subfield code="a">Scalable Spin Locks for Multiprogrammed Systems</subfield>
            <subfield code="h">[electronic resource] /</subfield>
            <subfield code="c">Robert W. Wisniewski.</subfield>
          </datafield>
          <datafield ind1=" " ind2=" " tag="260">
            <subfield code="b">University of Rochester. Computer Science Department., </subfield>
            <subfield code="c">1993.</subfield>
          </datafield>
          <datafield ind1="1" ind2=" " tag="490">
            <subfield code="a">UR CSD;</subfield>
            <subfield code="v">TR454</subfield>
          </datafield>
          <datafield ind1="3" ind2=" " tag="520">
            <subfield code="a">Synchronization primitives for large scale multiprocessors need to provide low latency and low contention to achieve good performance. Queue-based locks (implemented in software with fetch_and_\Phi instructions) can greatly reduce contention and improve overall performance by arranging for processors to spin only on local locations. Unfortunately, queued locks exhibit poor behavior in the presence of multiprogramming: a process near the end of the queue, in addition to waiting for any process that is preempted during its critical section, must also wait for any preempted processes ahead of it in the queue.   To solve this problem, we present two queue-based locks that recover from in-queue preemption. The first lock employs the kernel interface of the NYU Symunix project. The second employs an extended interface that shares information in both directions across the user-kernel boundary, resulting in simpler code and better performance. Experiments with these locks in both real and synthetic applications on SGI and KSR multiprocessors confirm the feasibility of high-performance software locks on systems that are both very large and multiprogrammed.</subfield>
          </datafield>
          <datafield ind1=" " ind2=" " tag="540">
            <subfield code="a">This item is protected by copyright, with all rights reserved.</subfield>
          </datafield>
          <datafield ind1=" " ind2=" " tag="653">
            <subfield code="a">scalable spin locks.</subfield>
          </datafield>
          <datafield ind1=" " ind2=" " tag="653">
            <subfield code="a">multiprogramming.</subfield>
          </datafield>
          <datafield ind1=" " ind2=" " tag="653">
            <subfield code="a">synchronization.</subfield>
          </datafield>
          <datafield ind1="1" ind2=" " tag="700">
            <subfield code="a">Kontothanassis, Leonidas I..</subfield>
            <subfield code="4">aut</subfield>
          </datafield>
          <datafield ind1="1" ind2=" " tag="700">
            <subfield code="a">Scott, Michael Lee,</subfield>
            <subfield code="d">1959-</subfield>
            <subfield code="4">aut</subfield>
          </datafield>
          <datafield ind1=" " ind2="0" tag="830">
            <subfield code="a">UR CSD;</subfield>
            <subfield code="v">TR454</subfield>
          </datafield>
          <datafield ind1="4" ind2="0" tag="856">
            <subfield code="u">http://hdl.handle.net/1953/440</subfield>
          </datafield>
        </record>
      </metadata>
    </record>