
    <record>
      <header>
        <identifier>oai:urresearch3.rochester.edu:304</identifier>
        <datestamp>2011-03-01T17:28:35Z</datestamp>
        <setSpec>3:97</setSpec>
      </header>
      <metadata>
        <record xmlns="http://www.loc.gov/MARC21/slim">
          <leader>00000 am a2200000Ka 4500</leader>
          <controlfield tag="006">m        d        </controlfield>
          <controlfield tag="007">cr||||||||||||</controlfield>
          <controlfield tag="008">      s1993            s           eng  </controlfield>
          <datafield ind1="1" ind2=" " tag="100">
            <subfield code="a">Scott, Michael Lee,</subfield>
            <subfield code="d">1959-</subfield>
            <subfield code="4">aut</subfield>
          </datafield>
          <datafield ind1="1" ind2="0" tag="245">
            <subfield code="a">Fast Mutual Exclusion, Even with Contention</subfield>
            <subfield code="h">[electronic resource] /</subfield>
            <subfield code="c">Michael Lee Scott.</subfield>
          </datafield>
          <datafield ind1=" " ind2=" " tag="260">
            <subfield code="b">University of Rochester. Computer Science Department., </subfield>
            <subfield code="c">1993.</subfield>
          </datafield>
          <datafield ind1="1" ind2=" " tag="490">
            <subfield code="a">UR CSD;</subfield>
            <subfield code="v">TR460</subfield>
          </datafield>
          <datafield ind1="3" ind2=" " tag="520">
            <subfield code="a">We present a mutual exclusion algorithm that performs well both with and without contention, on machines with no atomic instructions other than read and write. The algorithm capitalizes on the ability of memory systems to read and write at both full- and half-word granularities. It depends on predictable processor execution rates, but requires no bound on the length of critical sections, performs only O(n) total references to shared memory when arbitrating among conflicting requests (rather than O(n^2) in the general version of Lamport's fast mutual exclusion algorithm), and performs only 2 reads and 4 writes (a new lower bound) in the absence of contention. We provide a correctness proof.   We also investigate the utility of exponential backoff in fast mutual exclusion, with experimental results on the Silicon Graphics Iris multiprocessor and on a larger, simulated machine. With backoff in place, we find that Lamport's algorithm, our new algorithm, and a recent algorithm due to Alur and Taubenfeld all work extremely well, outperforming the native hardware locks of the Silicon Graphics machine, even with heavy contention.</subfield>
          </datafield>
          <datafield ind1=" " ind2=" " tag="540">
            <subfield code="a">This item is protected by copyright, with all rights reserved.</subfield>
          </datafield>
          <datafield ind1=" " ind2=" " tag="653">
            <subfield code="a">mutual exclusion.</subfield>
          </datafield>
          <datafield ind1=" " ind2=" " tag="653">
            <subfield code="a">Lamport's fast mutual exclusion algorithm.</subfield>
          </datafield>
          <datafield ind1=" " ind2=" " tag="653">
            <subfield code="a">multiprocessing.</subfield>
          </datafield>
          <datafield ind1=" " ind2=" " tag="653">
            <subfield code="a">algorithms.</subfield>
          </datafield>
          <datafield ind1=" " ind2=" " tag="653">
            <subfield code="a">synchronization.</subfield>
          </datafield>
          <datafield ind1=" " ind2=" " tag="653">
            <subfield code="a">backoff.</subfield>
          </datafield>
          <datafield ind1="1" ind2=" " tag="700">
            <subfield code="a">Michael, Maged M..</subfield>
            <subfield code="4">aut</subfield>
          </datafield>
          <datafield ind1=" " ind2="0" tag="830">
            <subfield code="a">UR CSD;</subfield>
            <subfield code="v">TR460</subfield>
          </datafield>
          <datafield ind1="4" ind2="0" tag="856">
            <subfield code="u">http://hdl.handle.net/1953/441</subfield>
          </datafield>
        </record>
      </metadata>
    </record>