
    <record>
      <header>
        <identifier>oai:urresearch3.rochester.edu:306</identifier>
        <datestamp>2011-03-01T17:28:35Z</datestamp>
        <setSpec>3:97</setSpec>
      </header>
      <metadata>
        <record xmlns="http://www.loc.gov/MARC21/slim">
          <leader>00000 am a2200000Ka 4500</leader>
          <controlfield tag="006">m        d        </controlfield>
          <controlfield tag="007">cr||||||||||||</controlfield>
          <controlfield tag="008">      s1999            s           eng  </controlfield>
          <datafield ind1="1" ind2=" " tag="100">
            <subfield code="a">Gharachorloo, K..</subfield>
            <subfield code="4">aut</subfield>
          </datafield>
          <datafield ind1="1" ind2="0" tag="245">
            <subfield code="a">Comparative Evaluation of Fine- and Coarse-Grain Approaches for Software Distributed Shared Memory</subfield>
            <subfield code="h">[electronic resource] /</subfield>
            <subfield code="c">K. Gharachorloo.</subfield>
          </datafield>
          <datafield ind1=" " ind2=" " tag="260">
            <subfield code="b">University of Rochester. Computer Science Department., </subfield>
            <subfield code="c">1999.</subfield>
          </datafield>
          <datafield ind1="1" ind2=" " tag="490">
            <subfield code="a">UR CSD;</subfield>
            <subfield code="v">TR699</subfield>
          </datafield>
          <datafield ind1="3" ind2=" " tag="520">
            <subfield code="a">Symmetric multiprocessors (SMPs) connected with low-latency networks provide attractive building blocks for software distributed shared memory systems. Two distinct approaches have been used: the fine-grain approach that instruments application loads and stores to support a small coherence granularity, and the coarse-grain approach based on virtual memory hardware that provides coherence at a page granularity. Fine-grain systems offer a simple migration path for applications developed on hardware multiprocessors by supporting coherence protocols similar to those implemented in hardware. On the other hand, coarse-grain systems can potentially provide higher performance through more optimized protocols and larger transfer granularities, while avoiding instrumentation overheads. Numerous studies have examined each approach individually, but major differences in experimental platforms and applications make comparison of the approaches difficult.   This paper presents a detailed comparison of two mature systems, Shasta and Cashmere, representing the fine- and coarse-grain approaches, respectively. Both systems are tuned to run on the same commercially available, state-of-the-art cluster of AlphaServer SMPs connected via a Memory Channel network. As expected, our results show that Shasta provides robust performance for applications tuned for hardware multiprocessors, and can better tolerate fine-grain synchronization. In contrast, Cashmere is highly sensitive to fine-grain synchronization, but provides a performance edge for applications with coarse-grain behavior. Interestingly, we found that the performance gap between the systems can often be bridged by program modifications that address coherence and synchronization granularity. In addition, our study reveals some unexpected results related to the interaction of current compiler technology with application instrumentation, and the ability of SMP-aware protocols to avoid certain performance disadvantages of coarse-grain approaches.</subfield>
          </datafield>
          <datafield ind1=" " ind2=" " tag="540">
            <subfield code="a">This item is protected by copyright, with all rights reserved.</subfield>
          </datafield>
          <datafield ind1=" " ind2=" " tag="653">
            <subfield code="a">software distributed shared memory.</subfield>
          </datafield>
          <datafield ind1=" " ind2=" " tag="653">
            <subfield code="a">cluster computing.</subfield>
          </datafield>
          <datafield ind1="1" ind2=" " tag="700">
            <subfield code="a">Kontothanassis, Leonidas I..</subfield>
            <subfield code="4">aut</subfield>
          </datafield>
          <datafield ind1="1" ind2=" " tag="700">
            <subfield code="a">Scales, D.J..</subfield>
            <subfield code="4">aut</subfield>
          </datafield>
          <datafield ind1="1" ind2=" " tag="700">
            <subfield code="a">Scott, Michael Lee,</subfield>
            <subfield code="d">1959-</subfield>
            <subfield code="4">aut</subfield>
          </datafield>
          <datafield ind1="1" ind2=" " tag="700">
            <subfield code="a">Stets, Robert J..</subfield>
            <subfield code="4">aut</subfield>
          </datafield>
          <datafield ind1="1" ind2=" " tag="700">
            <subfield code="a">Dwarkadas, Sandhya.</subfield>
            <subfield code="4">aut</subfield>
          </datafield>
          <datafield ind1=" " ind2="0" tag="830">
            <subfield code="a">UR CSD;</subfield>
            <subfield code="v">TR699</subfield>
          </datafield>
          <datafield ind1="4" ind2="0" tag="856">
            <subfield code="u">http://hdl.handle.net/1953/443</subfield>
          </datafield>
        </record>
      </metadata>
    </record>