
    <record>
      <header>
        <identifier>oai:urresearch3.rochester.edu:307</identifier>
        <datestamp>2011-03-01T17:28:35Z</datestamp>
        <setSpec>3:97</setSpec>
      </header>
      <metadata>
        <record xmlns="http://www.loc.gov/MARC21/slim">
          <leader>00000 am a2200000Ka 4500</leader>
          <controlfield tag="006">m        d        </controlfield>
          <controlfield tag="007">cr||||||||||||</controlfield>
          <controlfield tag="008">      s1999            s           eng  </controlfield>
          <datafield ind1="1" ind2=" " tag="100">
            <subfield code="a">Stets, Robert J..</subfield>
            <subfield code="4">aut</subfield>
          </datafield>
          <datafield ind1="1" ind2="4" tag="245">
            <subfield code="a">The Effect of Network Total Order, Broadcast, and Remote-Write Capability on Network-Based Shared Memory Computing</subfield>
            <subfield code="h">[electronic resource] /</subfield>
            <subfield code="c">Robert J. Stets.</subfield>
          </datafield>
          <datafield ind1=" " ind2=" " tag="260">
            <subfield code="b">University of Rochester. Computer Science Department., </subfield>
            <subfield code="c">1999.</subfield>
          </datafield>
          <datafield ind1="1" ind2=" " tag="490">
            <subfield code="a">UR CSD;</subfield>
            <subfield code="v">TR711</subfield>
          </datafield>
          <datafield ind1="3" ind2=" " tag="520">
            <subfield code="a">Emerging system-area networks provide a variety of features that can dramatically reduce network communication overhead. Such features include reduced latency, protected remote memory access, cheap broadcast, and ordering guarantees. In this paper, we evaluate the impact of these features on the implementation of Software Distributed Shared Memory (SDSM), and on the Cashmere system in particular. Cashmere has been implemented on the Compaq Memory Channel network, which supports remote memory writes, inexpensive broadcast, and total ordering of network packets.   We evaluate the performance impact of these special network features on the three kinds of SDSM protocol communication: shared data propagation, protocol meta-data maintenance, and synchronization, using an 8-node, 32-processor system. Among other things, we compare our base protocol, which leverages all of Memory Channel's special features, to a protocol based solely on reliable point-to-point messages. We found that the special features improved performance by 18-44% for three of our applications, but less than 12% for our other seven applications. The message-based protocol has the added benefit of allowing shared memory size to grow beyond the addressing limits of the network interface. Moreover, it enables us to implement a home node migration optimization that sometimes more than offsets the advantages of the protocol that fully leverages the Memory Channel features, improving performance by as much as 67%. These results suggest that for systems of modest size, low latency is much more important for SDSM performance than are remote writes, broadcast, or total ordering. At the same time, results on an emulated 32-node system indicate that broadcast based on remote writes of widely-shared data may improve performance by up to 56% for some applications. If hardware broadcast or multicast facilities can be made to scale, they can be beneficial in future system-area networks.</subfield>
          </datafield>
          <datafield ind1=" " ind2=" " tag="540">
            <subfield code="a">This item is protected by copyright, with all rights reserved.</subfield>
          </datafield>
          <datafield ind1=" " ind2=" " tag="653">
            <subfield code="a">software distributed shared memory.</subfield>
          </datafield>
          <datafield ind1=" " ind2=" " tag="653">
            <subfield code="a">remote-memory-access networks.</subfield>
          </datafield>
          <datafield ind1="1" ind2=" " tag="700">
            <subfield code="a">Kontothanassis, Leonidas I..</subfield>
            <subfield code="4">aut</subfield>
          </datafield>
          <datafield ind1="1" ind2=" " tag="700">
            <subfield code="a">Rencuzogullari, U..</subfield>
            <subfield code="4">aut</subfield>
          </datafield>
          <datafield ind1="1" ind2=" " tag="700">
            <subfield code="a">Scott, Michael Lee,</subfield>
            <subfield code="d">1959-</subfield>
            <subfield code="4">aut</subfield>
          </datafield>
          <datafield ind1="1" ind2=" " tag="700">
            <subfield code="a">Dwarkadas, Sandhya.</subfield>
            <subfield code="4">aut</subfield>
          </datafield>
          <datafield ind1=" " ind2="0" tag="830">
            <subfield code="a">UR CSD;</subfield>
            <subfield code="v">TR711</subfield>
          </datafield>
          <datafield ind1="4" ind2="0" tag="856">
            <subfield code="u">http://hdl.handle.net/1953/465</subfield>
          </datafield>
        </record>
      </metadata>
    </record>