
    <record>
      <header>
        <identifier>oai:urresearch3.rochester.edu:308</identifier>
        <datestamp>2011-03-01T17:28:35Z</datestamp>
        <setSpec>3:97</setSpec>
      </header>
      <metadata>
        <record xmlns="http://www.loc.gov/MARC21/slim">
          <leader>00000 am a2200000Ka 4500</leader>
          <controlfield tag="006">m        d        </controlfield>
          <controlfield tag="007">cr||||||||||||</controlfield>
          <controlfield tag="008">      s1999            s           eng  </controlfield>
          <datafield ind1="1" ind2=" " tag="100">
            <subfield code="a">Stets, Robert J..</subfield>
            <subfield code="4">aut</subfield>
          </datafield>
          <datafield ind1="1" ind2="0" tag="245">
            <subfield code="a">Leveraging Symmetric Multiprocessors and System Area Networks in Software Distributed Shared Memory</subfield>
            <subfield code="h">[electronic resource] /</subfield>
            <subfield code="c">Robert J. Stets.</subfield>
          </datafield>
          <datafield ind1=" " ind2=" " tag="260">
            <subfield code="b">University of Rochester. Computer Science Department., </subfield>
            <subfield code="c">1999.</subfield>
          </datafield>
          <datafield ind1="1" ind2=" " tag="490">
            <subfield code="a">UR CSD;</subfield>
            <subfield code="v">TR719</subfield>
          </datafield>
          <datafield ind1="3" ind2=" " tag="520">
            <subfield code="a">Clusters of workstations have long provided a cost-effective, large-scale parallel computing platform. A Software Distributed Shared Memory (SDSM) system simplifies programming on these platforms by presenting the illusion of shared memory. SDSM performance has historically been limited by the high cost of inter-processor communication overhead. Recent hardware trends, such as commodity symmetric multiprocessors (SMPs) and system area networks, can be used to potentially lower this overhead.   The Cashmere SDSM has been designed for clusters of SMPs connected by a low-latency, remote-memory-access system area network. Cashmere introduces several novel techniques to leverage SMP hardware coherence and also to exploit remote-memory-access and other special features found in today's emerging system area networks. The results of our prototype implementation show that the Cashmere design leads to an average improvement of 25% over a comparable protocol version that does not leverage the SMP hardware coherence. The results also isolate the performance impact of various network features, thereby providing network designers with an informative application study.     In addition, we have investigated the impact of these new hardware trends on the most fundamental aspect of SDSM design: the coherence granularity. Our findings show that recent hardware trends help reduce the performance gap between fine and coarse granularity SDSM. We also provide additional techniques for further reducing the gap.</subfield>
          </datafield>
          <datafield ind1=" " ind2=" " tag="540">
            <subfield code="a">This item is protected by copyright, with all rights reserved.</subfield>
          </datafield>
          <datafield ind1=" " ind2=" " tag="653">
            <subfield code="a">cache coherence.</subfield>
          </datafield>
          <datafield ind1=" " ind2=" " tag="653">
            <subfield code="a">clusters.</subfield>
          </datafield>
          <datafield ind1=" " ind2=" " tag="653">
            <subfield code="a">remote-memory-access networks.</subfield>
          </datafield>
          <datafield ind1=" " ind2=" " tag="653">
            <subfield code="a">software distributed shared memory.</subfield>
          </datafield>
          <datafield ind1=" " ind2=" " tag="653">
            <subfield code="a">symmetric multiprocessors.</subfield>
          </datafield>
          <datafield ind1=" " ind2="0" tag="830">
            <subfield code="a">UR CSD;</subfield>
            <subfield code="v">TR719</subfield>
          </datafield>
          <datafield ind1="4" ind2="0" tag="856">
            <subfield code="u">http://hdl.handle.net/1953/444</subfield>
          </datafield>
        </record>
      </metadata>
    </record>