
    <record>
      <header>
        <identifier>oai:urresearch3.rochester.edu:311</identifier>
        <datestamp>2004-07-20T21:20:44Z</datestamp>
        <setSpec>18:126</setSpec>
      </header>
      <metadata>
        <record xmlns="http://www.loc.gov/MARC21/slim">
          <leader>00000 am a2200000Ka 4500</leader>
          <controlfield tag="006">m        d        </controlfield>
          <controlfield tag="007">cr||||||||||||</controlfield>
          <controlfield tag="008">      s2003            s           eng  </controlfield>
          <datafield ind1="1" ind2=" " tag="100">
            <subfield code="a">Levy, Mickey D..</subfield>
            <subfield code="4">aut</subfield>
          </datafield>
          <datafield ind1="1" ind2="0" tag="245">
            <subfield code="a">Assessment of Economic Performance and Policymaking</subfield>
            <subfield code="h">[electronic resource] /</subfield>
            <subfield code="c">Mickey D. Levy.</subfield>
          </datafield>
          <datafield ind1=" " ind2=" " tag="260">
            <subfield code="a">Bradley Policy Research Center :</subfield>
            <subfield code="b">William E. Simon Graduate School of Business Administration, University of Rochester, </subfield>
            <subfield code="c">2003.</subfield>
          </datafield>
          <datafield ind1="1" ind2=" " tag="490">
            <subfield code="a">PPS;</subfield>
            <subfield code="v">03-1</subfield>
          </datafield>
          <datafield ind1="3" ind2=" " tag="520">
            <subfield code="a">The economy is fundamentally sound but inhibiting factors have contributed to a  substandard recovery. While sustained strong productivity gains have lifted profits and  real wages, consumer spending has grown only modestly, businesses are maintaining low  inventories and have been hesitant to invest, and employment remains below its recession  trough level. Some negative factors are dissipating and the pace of real GDP growth is  projected to accelerate modestly above 3 percent through 2004, and profits are expected  to continue to rise at a healthy pace. Employment will rise, but the unemployment rate  will remain close to current levels through year-end 2003 before receding modestly in  2004. Rising spending for defense and national security will add to near-term growth but  will be partially offset by reduced purchases by the financially-strapped state and local  governments. In the longer run, the rising government absorption of national resources  will crowd out private consumption and investment, modestly constraining potential  growth. The Bush Administration's tax reform proposal would contribute positively to  economic growth, but tax hikes by states attempting to close their budget deficits would  be damaging. Inflation is projected to remain low, but popular concerns about deflation  are overstated as growth in aggregate demand is modestly exceeding productive capacity  and should pick up. Real interest rates, which have fallen to unsustainably low levels, are  projected to rise with stronger economic growth and higher expected rates of return on  investment. The Federal Reserve eventually must raise short-term interest rates, but its  stated desire to avoid further disinflation suggests hikes in its Federal funds rate target  will be delayed.</subfield>
          </datafield>
          <datafield ind1=" " ind2=" " tag="524">
            <subfield code="a">http://www.somc.rochester.edu/May03/Levy.pdf</subfield>
          </datafield>
          <datafield ind1=" " ind2=" " tag="538">
            <subfield code="a">System requirements: PDF viewer/reader.</subfield>
          </datafield>
          <datafield ind1=" " ind2=" " tag="540">
            <subfield code="a">This item is protected by copyright, with all rights reserved.</subfield>
          </datafield>
          <datafield ind1=" " ind2=" " tag="653">
            <subfield code="a">economic policy.</subfield>
          </datafield>
          <datafield ind1=" " ind2=" " tag="653">
            <subfield code="a">economic recovery.</subfield>
          </datafield>
          <datafield ind1=" " ind2="0" tag="830">
            <subfield code="a">PPS;</subfield>
            <subfield code="v">03-1</subfield>
          </datafield>
          <datafield ind1="4" ind2="0" tag="856">
            <subfield code="u">http://hdl.handle.net/1953/447</subfield>
          </datafield>
        </record>
      </metadata>
    </record>