
    <record>
      <header>
        <identifier>oai:urresearch3.rochester.edu:312</identifier>
        <datestamp>2004-07-20T21:22:57Z</datestamp>
        <setSpec>18:126</setSpec>
      </header>
      <metadata>
        <record xmlns="http://www.loc.gov/MARC21/slim">
          <leader>00000 am a2200000Ka 4500</leader>
          <controlfield tag="006">m        d        </controlfield>
          <controlfield tag="007">cr||||||||||||</controlfield>
          <controlfield tag="008">      s2003            s           eng  </controlfield>
          <datafield ind1="1" ind2=" " tag="100">
            <subfield code="a">McCallum, Bennett T..</subfield>
            <subfield code="4">aut</subfield>
          </datafield>
          <datafield ind1="1" ind2="0" tag="245">
            <subfield code="a">Inflation Targeting for the United States</subfield>
            <subfield code="h">[electronic resource] /</subfield>
            <subfield code="c">Bennett T. McCallum.</subfield>
          </datafield>
          <datafield ind1=" " ind2=" " tag="260">
            <subfield code="a">Bradley Policy Research Center :</subfield>
            <subfield code="b">William E. Simon Graduate School of Business Administration, University of Rochester, </subfield>
            <subfield code="c">2003.</subfield>
          </datafield>
          <datafield ind1="1" ind2=" " tag="490">
            <subfield code="a">PPS;</subfield>
            <subfield code="v">03-1</subfield>
          </datafield>
          <datafield ind1="3" ind2=" " tag="520">
            <subfield code="a">During the early months of 2003, there was something of a buzz in monetary  policy circles about the prospect of a move toward inflation targeting as a policy regime  for the Federal Reserve. One leading manifestation was a prominent article in the Wall  Street Journal on March 31 concerning the different points of view recently expressed by  Fed Governors Ben Bernanke and Donald Kohn.1 Of course, there was little or no direct  disputation; the WSJ article was based on substantial comments presented by Bernanke  and Kohn at different conferences but released at about the same time. Kohn's comments  were delivered at a January 24-25 conference, sponsored by the National Bureau of  Economic Research, at which he was the formal discussant of a paper by Marvin  Goodfriend (2003).2 The specific item by Bernanke, mentioned in the WSJ article, is  evidently his speech given at a March 25 conference of the National Association of  Business Economists. Although there has not been direct disputation, there are  significant differences of opinion expressed in the two Governors' writings, as well as the  paper by Goodfriend, differences that mirror important issues and call out for discussion.</subfield>
          </datafield>
          <datafield ind1=" " ind2=" " tag="524">
            <subfield code="a">http://www.somc.rochester.edu/May03/McCallum.pdf</subfield>
          </datafield>
          <datafield ind1=" " ind2=" " tag="538">
            <subfield code="a">System requirements: PDF viewer/reader.</subfield>
          </datafield>
          <datafield ind1=" " ind2=" " tag="540">
            <subfield code="a">This item is protected by copyright, with all rights reserved.</subfield>
          </datafield>
          <datafield ind1=" " ind2=" " tag="653">
            <subfield code="a">economic policy.</subfield>
          </datafield>
          <datafield ind1=" " ind2=" " tag="653">
            <subfield code="a">inflation.</subfield>
          </datafield>
          <datafield ind1=" " ind2="0" tag="830">
            <subfield code="a">PPS;</subfield>
            <subfield code="v">03-1</subfield>
          </datafield>
          <datafield ind1="4" ind2="0" tag="856">
            <subfield code="u">http://hdl.handle.net/1953/448</subfield>
          </datafield>
        </record>
      </metadata>
    </record>