
    <record>
      <header>
        <identifier>oai:urresearch3.rochester.edu:314</identifier>
        <datestamp>2004-07-20T21:31:22Z</datestamp>
        <setSpec>18:126</setSpec>
      </header>
      <metadata>
        <record xmlns="http://www.loc.gov/MARC21/slim">
          <leader>00000 am a2200000Ka 4500</leader>
          <controlfield tag="006">m        d        </controlfield>
          <controlfield tag="007">cr||||||||||||</controlfield>
          <controlfield tag="008">      s2003            s           eng  </controlfield>
          <datafield ind1="1" ind2=" " tag="100">
            <subfield code="a">Hess, Gregory D..</subfield>
            <subfield code="4">aut</subfield>
          </datafield>
          <datafield ind1="1" ind2="0" tag="245">
            <subfield code="a">Guns or Butter?</subfield>
            <subfield code="h">[electronic resource] /</subfield>
            <subfield code="c">Gregory D. Hess.</subfield>
          </datafield>
          <datafield ind1=" " ind2=" " tag="260">
            <subfield code="a">Bradley Policy Research Center :</subfield>
            <subfield code="b">William E. Simon Graduate School of Business Administration, University of Rochester, </subfield>
            <subfield code="c">2003.</subfield>
          </datafield>
          <datafield ind1="1" ind2=" " tag="490">
            <subfield code="a">PPS;</subfield>
            <subfield code="v">03-1</subfield>
          </datafield>
          <datafield ind1="3" ind2=" " tag="520">
            <subfield code="a">It has long been recognized that war has many true costs, only some of which are  financial...  However, while the cost of war is likely to be substantial, so too may be the cost  of not going to war. To investigate this point, Davis, Murphy and Topel (2003) take their  analysis further by also estimating the cost of merely "containing Iraq". In essence, they  are pointing out that while it may be important to price the cost of undertaking a conflict  with Iraq, one must also establish what the cost of the next best alternative is: namely,  containment. They estimate that the annual costs for containing Iraq without a war would  run approximately $19 billion dollars per year. Even allowing for the Hussein Regime to  end on its own, they calculate that the present discounted cost to the U.S. of containing  Iraq at $380 billion. Hence, the cost of war is deemed to be far less than the cost of not  going to war and just containing the Hussein regime.</subfield>
          </datafield>
          <datafield ind1=" " ind2=" " tag="524">
            <subfield code="a">http://www.somc.rochester.edu/May03/Hess.pdf</subfield>
          </datafield>
          <datafield ind1=" " ind2=" " tag="538">
            <subfield code="a">System requirements: PDF viewer/reader.</subfield>
          </datafield>
          <datafield ind1=" " ind2=" " tag="540">
            <subfield code="a">This item is protected by copyright, with all rights reserved.</subfield>
          </datafield>
          <datafield ind1=" " ind2=" " tag="653">
            <subfield code="a">economic policy.</subfield>
          </datafield>
          <datafield ind1=" " ind2=" " tag="653">
            <subfield code="a">war.</subfield>
          </datafield>
          <datafield ind1=" " ind2="0" tag="830">
            <subfield code="a">PPS;</subfield>
            <subfield code="v">03-1</subfield>
          </datafield>
          <datafield ind1="4" ind2="0" tag="856">
            <subfield code="u">http://hdl.handle.net/1953/450</subfield>
          </datafield>
        </record>
      </metadata>
    </record>