
    <record>
      <header>
        <identifier>oai:urresearch3.rochester.edu:316</identifier>
        <datestamp>2004-07-20T22:33:05Z</datestamp>
        <setSpec>18:126</setSpec>
      </header>
      <metadata>
        <record xmlns="http://www.loc.gov/MARC21/slim">
          <leader>00000 am a2200000Ka 4500</leader>
          <controlfield tag="006">m        d        </controlfield>
          <controlfield tag="007">cr||||||||||||</controlfield>
          <controlfield tag="008">      s2002            s           eng  </controlfield>
          <datafield ind1="1" ind2=" " tag="100">
            <subfield code="a">Levy, Mickey D..</subfield>
            <subfield code="4">aut</subfield>
          </datafield>
          <datafield ind1="1" ind2="0" tag="245">
            <subfield code="a">Assessing the Economic Recovery</subfield>
            <subfield code="h">[electronic resource] /</subfield>
            <subfield code="c">Mickey D. Levy.</subfield>
          </datafield>
          <datafield ind1=" " ind2=" " tag="260">
            <subfield code="a">Bradley Policy Research Center :</subfield>
            <subfield code="b">William E. Simon Graduate School of Business Administration, University of Rochester, </subfield>
            <subfield code="c">2002.</subfield>
          </datafield>
          <datafield ind1="1" ind2=" " tag="490">
            <subfield code="a">PPS;</subfield>
            <subfield code="v">02-2</subfield>
          </datafield>
          <datafield ind1="3" ind2=" " tag="520">
            <subfield code="a">The economy is recovering from recession and real GDP is above its prior expansion  peak, but in several key aspects, the economic recovery has been weaker than in prior  cycles. Perhaps the mild contraction of real GDP in 2001 set the stage for a moderate  rebound, but other dimensions of recent performance have deviated from prior cyclical  patterns. In particular, the sharp, sustained declines in stock valuations and expected  rates of return--lower real interest rates--stand out uniquely, with significant implications.  A comparison of recent economic performance with prior cycles suggests that while the  recovery remains intact and sound underlying fundamentals continue to support healthy  potential growth, the return to sustainable trend expansion following recession may take  longer than normal.</subfield>
          </datafield>
          <datafield ind1=" " ind2=" " tag="524">
            <subfield code="a">http://www.somc.rochester.edu/Nov02/Levy.pdf</subfield>
          </datafield>
          <datafield ind1=" " ind2=" " tag="538">
            <subfield code="a">System requirements: PDF viewer/reader.</subfield>
          </datafield>
          <datafield ind1=" " ind2=" " tag="540">
            <subfield code="a">This item is protected by copyright, with all rights reserved.</subfield>
          </datafield>
          <datafield ind1=" " ind2=" " tag="653">
            <subfield code="a">economic policy.</subfield>
          </datafield>
          <datafield ind1=" " ind2=" " tag="653">
            <subfield code="a">economic recovery.</subfield>
          </datafield>
          <datafield ind1=" " ind2="0" tag="830">
            <subfield code="a">PPS;</subfield>
            <subfield code="v">02-2</subfield>
          </datafield>
          <datafield ind1="4" ind2="0" tag="856">
            <subfield code="u">http://hdl.handle.net/1953/452</subfield>
          </datafield>
        </record>
      </metadata>
    </record>