
    <record>
      <header>
        <identifier>oai:urresearch3.rochester.edu:318</identifier>
        <datestamp>2004-07-20T22:37:13Z</datestamp>
        <setSpec>18:126</setSpec>
      </header>
      <metadata>
        <record xmlns="http://www.loc.gov/MARC21/slim">
          <leader>00000 am a2200000Ka 4500</leader>
          <controlfield tag="006">m        d        </controlfield>
          <controlfield tag="007">cr||||||||||||</controlfield>
          <controlfield tag="008">      s2002            s           eng  </controlfield>
          <datafield ind1="1" ind2=" " tag="100">
            <subfield code="a">Stockman, Alan C..</subfield>
            <subfield code="4">aut</subfield>
          </datafield>
          <datafield ind1="1" ind2="0" tag="245">
            <subfield code="a">Will the U.S. Economy Catch the Japanese Disease?</subfield>
            <subfield code="h">[electronic resource] /</subfield>
            <subfield code="c">Alan C. Stockman.</subfield>
          </datafield>
          <datafield ind1=" " ind2=" " tag="260">
            <subfield code="a">Bradley Policy Research Center :</subfield>
            <subfield code="b">William E. Simon Graduate School of Business Administration, University of Rochester, </subfield>
            <subfield code="c">2002.</subfield>
          </datafield>
          <datafield ind1="1" ind2=" " tag="490">
            <subfield code="a">PPS;</subfield>
            <subfield code="v">02-2</subfield>
          </datafield>
          <datafield ind1="3" ind2=" " tag="520">
            <subfield code="a">Do worries never cease? Now that the Federal Reserve has reduced the federal funds rate to a  four-decade low, responding to economic weakness that continued longer than most economists  predicted, a new villain has appeared. Sometimes identified as deflation, sometimes as a liquidity  trap, the new concern is that the U.S. economy will become like Japan's. After rapid growth for  most of the second half of the twentieth century, Japanese GDP growth over the past decade has  averaged only about one percent annually. With more than a decade of slow growth, Japan's  economy since around 1990 is not one that many countries would choose to emulate.  Consequently, some apparent similarities between economic conditions in the United States and  Japan have raised widespread concerns. Interest rates in Japan are essentially zero; interest  rates have fallen dramatically in the United States. Japan has had deflation since the mid 1990s:  by October 2002 the Japanese wholesale price index stood half a percentage point below its level  twelve months earlier, and almost six percent below its average level in 1995, and over the past  year, consumer prices in Japan have fallen about one percent. The United States does not yet  have deflation, but it has relatively low inflation &#x2013; at least before the most recent statistics for  October. Japan has slow growth and high unemployment; the United States has recently had  slow growth and still has relatively high unemployment. Just over a decade ago, at the onset of  Japan's long slump, Japan experienced the bursting of a bubble in real-estate prices; a similar  decline in U.S. stock prices has taken place in recent years. While business gurus once urged  the U.S. to adopt Japanese-style business models and economic policies, no one now wants to  mimic the performance of an economy in a decade-long slump.  2  The near-zero level of nominal interest rates in Japan has prompted claims that Japanese  monetary policy has become impotent to alleviate its economic woes, as the Bank of Japan  cannot further reduce interest rates. Many analysts characterize the Japanese situation as a  classic Keynesian liquidity trap.  Does the United States risk catching this Japanese disease? Does the United States risk a long  economic slump? A problem of deflation? Impotency of monetary policy as interest rates  approach zero? A liquidity trap? A banking system in deep trouble? And will it happen here?  Do U.S. economic conditions resemble the factors that led to the Japanese problems?</subfield>
          </datafield>
          <datafield ind1=" " ind2=" " tag="524">
            <subfield code="a">http://www.somc.rochester.edu/Nov02/stockman.pdf</subfield>
          </datafield>
          <datafield ind1=" " ind2=" " tag="538">
            <subfield code="a">System requirements: PDF viewer/reader.</subfield>
          </datafield>
          <datafield ind1=" " ind2=" " tag="540">
            <subfield code="a">This item is protected by copyright, with all rights reserved.</subfield>
          </datafield>
          <datafield ind1=" " ind2=" " tag="653">
            <subfield code="a">economic policy.</subfield>
          </datafield>
          <datafield ind1=" " ind2=" " tag="653">
            <subfield code="a">Japan.</subfield>
          </datafield>
          <datafield ind1=" " ind2=" " tag="653">
            <subfield code="a">deflation.</subfield>
          </datafield>
          <datafield ind1=" " ind2="0" tag="830">
            <subfield code="a">PPS;</subfield>
            <subfield code="v">02-2</subfield>
          </datafield>
          <datafield ind1="4" ind2="0" tag="856">
            <subfield code="u">http://hdl.handle.net/1953/454</subfield>
          </datafield>
        </record>
      </metadata>
    </record>