
    <record>
      <header>
        <identifier>oai:urresearch3.rochester.edu:320</identifier>
        <datestamp>2004-07-20T22:54:22Z</datestamp>
        <setSpec>18:126</setSpec>
      </header>
      <metadata>
        <record xmlns="http://www.loc.gov/MARC21/slim">
          <leader>00000 am a2200000Ka 4500</leader>
          <controlfield tag="006">m        d        </controlfield>
          <controlfield tag="007">cr||||||||||||</controlfield>
          <controlfield tag="008">      s2002            s           eng  </controlfield>
          <datafield ind1="1" ind2=" " tag="100">
            <subfield code="a">Hess, Gregory D..</subfield>
            <subfield code="4">aut</subfield>
          </datafield>
          <datafield ind1="1" ind2="0" tag="245">
            <subfield code="a">Is it Time for Fannie Mae and Freddie Mac to Cut the Cord?</subfield>
            <subfield code="h">[electronic resource] /</subfield>
            <subfield code="c">Gregory D. Hess.</subfield>
          </datafield>
          <datafield ind1=" " ind2=" " tag="260">
            <subfield code="a">Bradley Policy Research Center :</subfield>
            <subfield code="b">William E. Simon Graduate School of Business Administration, University of Rochester, </subfield>
            <subfield code="c">2002.</subfield>
          </datafield>
          <datafield ind1="1" ind2=" " tag="490">
            <subfield code="a">PPS;</subfield>
            <subfield code="v">02-2</subfield>
          </datafield>
          <datafield ind1="3" ind2=" " tag="520">
            <subfield code="a">It is common to find that government programs, when spawned from periods of rapid  change when economic markets are deemed to be leading to socially undesirable and uncertain  outcomes, typically out-live their useful purpose. This is clearly the case with Fannie Mae and  Freddie Mac. These Government Sponsored Enterprises (GSEs) were started when mortgage  markets were less liquid, the U.S. banking system was regionalized and substantially less  capitalized, financial markets were less developed, and during pushes for more affordable  housing.&lt;br&gt;&lt;br&gt;  No one can doubt the benefits that the securitization of mortgages, associated with the  rise of Fannie Mae and Freddie Mac as financial institutions, has had in the development and  deepening of financial markets in the United States. Nor can one doubt the fundamental  importance and necessity of housing in our everyday lives. But the benefits that Fannie Mae and  Freddie Mac currently bring to the housing finance market would continue unabated if the  perceived "implicit guarantee" that they currently receive were to be removed. Households  would still be able to choose among a variety of competitive, financial options to finance their  housing. Savers would be able to benefit from holding mortgage backed securities. Fannie Mae  and Freddie Mac would be able to earn profits: though based on their performance, rather than  on their government sponsored advantages. And the U.S. taxpayer would remove a large  potential liability from its balance sheet for which it receives no benefit. It's time to cut the cord.</subfield>
          </datafield>
          <datafield ind1=" " ind2=" " tag="524">
            <subfield code="a">http://www.somc.rochester.edu/Nov02/Hess.pdf</subfield>
          </datafield>
          <datafield ind1=" " ind2=" " tag="538">
            <subfield code="a">System requirements: PDF viewer/reader.</subfield>
          </datafield>
          <datafield ind1=" " ind2=" " tag="540">
            <subfield code="a">This item is protected by copyright, with all rights reserved.</subfield>
          </datafield>
          <datafield ind1=" " ind2=" " tag="653">
            <subfield code="a">economic policy.</subfield>
          </datafield>
          <datafield ind1=" " ind2=" " tag="653">
            <subfield code="a">Freddie Mac.</subfield>
          </datafield>
          <datafield ind1=" " ind2=" " tag="653">
            <subfield code="a">Fannie Mae.</subfield>
          </datafield>
          <datafield ind1=" " ind2="0" tag="830">
            <subfield code="a">PPS;</subfield>
            <subfield code="v">02-2</subfield>
          </datafield>
          <datafield ind1="4" ind2="0" tag="856">
            <subfield code="u">http://hdl.handle.net/1953/456</subfield>
          </datafield>
        </record>
      </metadata>
    </record>