
    <record>
      <header>
        <identifier>oai:urresearch3.rochester.edu:321</identifier>
        <datestamp>2011-03-01T17:28:35Z</datestamp>
        <setSpec>3:97</setSpec>
      </header>
      <metadata>
        <record xmlns="http://www.loc.gov/MARC21/slim">
          <leader>00000 am a2200000Ka 4500</leader>
          <controlfield tag="006">m        d        </controlfield>
          <controlfield tag="007">cr||||||||||||</controlfield>
          <controlfield tag="008">      s1993            s           eng  </controlfield>
          <datafield ind1="1" ind2=" " tag="100">
            <subfield code="a">LeBlanc, Thomas J..</subfield>
            <subfield code="4">aut</subfield>
          </datafield>
          <datafield ind1="1" ind2="4" tag="245">
            <subfield code="a">The Search for Lost Cycles: A New Approach to Parallel Program Performance Evaluation</subfield>
            <subfield code="h">[electronic resource] /</subfield>
            <subfield code="c">Thomas J. LeBlanc.</subfield>
          </datafield>
          <datafield ind1=" " ind2=" " tag="260">
            <subfield code="b">University of Rochester. Computer Science Department., </subfield>
            <subfield code="c">1993.</subfield>
          </datafield>
          <datafield ind1="1" ind2=" " tag="490">
            <subfield code="a">UR CSD;</subfield>
            <subfield code="v">TR479</subfield>
          </datafield>
          <datafield ind1="3" ind2=" " tag="520">
            <subfield code="a">Traditional performance debugging and tuning of parallel programs is based on the "measure-modify" approach, in which detailed measurements of program executions are used to guide incremental changes to the program that result in better performance. Unfortunately, the performance of a parallel algorithm is often related to its implementation, input data, and machine characteristics in surprising ways, and the "measure-modify" approach is unsuited to exploring these relationships fully: it is too heavily dependent on experimentation and measurement, which is impractical for studying the large number of variables that can affect parallel program performance. In this paper we argue that the problem of selecting the best implementation of a parallel algorithm requires a new approach to parallel program performance evaluation, one with a greater balance between measurement and modeling. We first present examples that demonstrate that different parallelizations of a program may be necessary to achieve the best possible performance as one varies the input data, machine architecture, or number of processors used. We then present an approach to performance evaluation based on lost cycles analysis, which involves measurement and modeling of all sources of overhead in a parallel program. We describe a measurement tool for lost cycles analysis that we have incorporated into the runtime environment for Fortran programs on the Kendall Square KSR1, and use this tool to analyze the performance tradeoffs among implementations of 2D FFT and parallel subgraph isomorphism. Using these examples, we show how lost cycles analysis can be used to solve the problems associated with selecting the best implementation in a variable environment. In addition, we show that this approach can capture large amounts of performance data using only a small number of measurements, and that it is flexible enough to allow conclusions to be drawn from empirical data in some cases, and analytic results in other cases.</subfield>
          </datafield>
          <datafield ind1=" " ind2=" " tag="540">
            <subfield code="a">This item is protected by copyright, with all rights reserved.</subfield>
          </datafield>
          <datafield ind1=" " ind2=" " tag="653">
            <subfield code="a">performance evaluation.</subfield>
          </datafield>
          <datafield ind1=" " ind2=" " tag="653">
            <subfield code="a">lost cycles.</subfield>
          </datafield>
          <datafield ind1=" " ind2=" " tag="653">
            <subfield code="a">parallel performance prediction.</subfield>
          </datafield>
          <datafield ind1=" " ind2=" " tag="653">
            <subfield code="a">performance predicates.</subfield>
          </datafield>
          <datafield ind1="1" ind2=" " tag="700">
            <subfield code="a">Crovella, Mark E..</subfield>
            <subfield code="4">aut</subfield>
          </datafield>
          <datafield ind1=" " ind2="0" tag="830">
            <subfield code="a">UR CSD;</subfield>
            <subfield code="v">TR479</subfield>
          </datafield>
          <datafield ind1="4" ind2="0" tag="856">
            <subfield code="u">http://hdl.handle.net/1953/457</subfield>
          </datafield>
        </record>
      </metadata>
    </record>