
    <record>
      <header>
        <identifier>oai:urresearch3.rochester.edu:322</identifier>
        <datestamp>2011-03-01T17:28:35Z</datestamp>
        <setSpec>3:97</setSpec>
      </header>
      <metadata>
        <record xmlns="http://www.loc.gov/MARC21/slim">
          <leader>00000 am a2200000Ka 4500</leader>
          <controlfield tag="006">m        d        </controlfield>
          <controlfield tag="007">cr||||||||||||</controlfield>
          <controlfield tag="008">      s1994            s           eng  </controlfield>
          <datafield ind1="1" ind2=" " tag="100">
            <subfield code="a">LeBlanc, Thomas J..</subfield>
            <subfield code="4">aut</subfield>
          </datafield>
          <datafield ind1="1" ind2="0" tag="245">
            <subfield code="a">Eager Combining: A Coherency Protocol for Increasing Effective Network and Memory Bandwidth in Shared-Memory Multiprocessors</subfield>
            <subfield code="h">[electronic resource] /</subfield>
            <subfield code="c">Thomas J. LeBlanc.</subfield>
          </datafield>
          <datafield ind1=" " ind2=" " tag="260">
            <subfield code="b">University of Rochester. Computer Science Department., </subfield>
            <subfield code="c">1994.</subfield>
          </datafield>
          <datafield ind1="1" ind2=" " tag="490">
            <subfield code="a">UR CSD;</subfield>
            <subfield code="v">TR485</subfield>
          </datafield>
          <datafield ind1="3" ind2=" " tag="520">
            <subfield code="a">One common cause of poor performance in large-scale shared-memory multiprocessors is limited memory or interconnection network bandwidth. Even well-designed machines can exhibit bandwidth limitations when a program issues an excessive number of remote memory accesses or when remote accesses are distributed non-uniformly. While techniques for improving locality of reference are often successful at reducing the number of remote references, a non-uniform distribution of references may still result, which can cause contention both in the interconnection network and at remote memories.   Producer/consumer data, where one processor (the producer) writes data that many other processors (the consumers) must read, is a common sharing pattern in parallel programs that generates a non-uniform distribution of references. In this paper we quantify the performance impact of producer/consumer sharing as a function of memory and network bandwidth, and argue that the contention caused by this form of sharing can severely impact performance on large-scale machines. We then propose a new coherency protocol, called eager combining, which is designed to alleviate this contention. The protocol replicates the producer's data among multiple memory modules, thereby effectively increasing both the memory and network bandwidth of the producer, and dramatically decreasing the remote access latency of consumers. We compare eager combining to other techniques for reducing or eliminating contention, and use execution-driven simulation of parallel programs on a large-scale multiprocessor to show that eager combining can improve performance by a factor of 4 or more when used for programs with producer/consumer data on machines with hundreds of processors.</subfield>
          </datafield>
          <datafield ind1=" " ind2=" " tag="540">
            <subfield code="a">This item is protected by copyright, with all rights reserved.</subfield>
          </datafield>
          <datafield ind1=" " ind2=" " tag="653">
            <subfield code="a">memory and network bandwidth.</subfield>
          </datafield>
          <datafield ind1=" " ind2=" " tag="653">
            <subfield code="a">scalable multiprocessors.</subfield>
          </datafield>
          <datafield ind1=" " ind2=" " tag="653">
            <subfield code="a">coherency protocols.</subfield>
          </datafield>
          <datafield ind1=" " ind2=" " tag="653">
            <subfield code="a">non-uniform distribution of accesses.</subfield>
          </datafield>
          <datafield ind1=" " ind2=" " tag="653">
            <subfield code="a">contention.</subfield>
          </datafield>
          <datafield ind1="1" ind2=" " tag="700">
            <subfield code="a">Bianchini, Ricardo.</subfield>
            <subfield code="4">aut</subfield>
          </datafield>
          <datafield ind1=" " ind2="0" tag="830">
            <subfield code="a">UR CSD;</subfield>
            <subfield code="v">TR485</subfield>
          </datafield>
          <datafield ind1="4" ind2="0" tag="856">
            <subfield code="u">http://hdl.handle.net/1953/458</subfield>
          </datafield>
        </record>
      </metadata>
    </record>