
    <record>
      <header>
        <identifier>oai:urresearch3.rochester.edu:323</identifier>
        <datestamp>2011-03-01T17:28:35Z</datestamp>
        <setSpec>3:97</setSpec>
      </header>
      <metadata>
        <record xmlns="http://www.loc.gov/MARC21/slim">
          <leader>00000 am a2200000Ka 4500</leader>
          <controlfield tag="006">m        d        </controlfield>
          <controlfield tag="007">cr||||||||||||</controlfield>
          <controlfield tag="008">      s1994            s           eng  </controlfield>
          <datafield ind1="1" ind2=" " tag="100">
            <subfield code="a">LeBlanc, Thomas J..</subfield>
            <subfield code="4">aut</subfield>
          </datafield>
          <datafield ind1="1" ind2="0" tag="245">
            <subfield code="a">Can High Bandwidth and Latency Justify Large Cache Blocks in Scalable Multiprocessors?</subfield>
            <subfield code="h">[electronic resource] /</subfield>
            <subfield code="c">Thomas J. LeBlanc.</subfield>
          </datafield>
          <datafield ind1=" " ind2=" " tag="260">
            <subfield code="b">University of Rochester. Computer Science Department., </subfield>
            <subfield code="c">1994.</subfield>
          </datafield>
          <datafield ind1="1" ind2=" " tag="490">
            <subfield code="a">UR CSD;</subfield>
            <subfield code="v">TR486</subfield>
          </datafield>
          <datafield ind1="3" ind2=" " tag="520">
            <subfield code="a">An important architectural design decision affecting the performance of coherent caches in shared-memory multiprocessors is the choice of block size. There are two primary factors that influence this choice: the reference behavior of application programs and the remote access bandwidth and latency of the machine. Several studies have shown that increasing the block size can lower the miss rate and reduce the number of invalidations. However, increasing the block size can also increase the miss rate by, for example, increasing false sharing or the number of cache evictions. Large cache blocks can also generate network contention. Given that we anticipate enormous increases in both network bandwidth and latency in large-scale, shared-memory multiprocessors, the question arises as to what effect these increases will have on the choice of block size.   We use analytical modeling and execution-driven simulation of parallel programs on a large-scale shared-memory machine to examine the relationship between cache block size and application performance as a function of remote access bandwidth and latency. We show that even under assumptions of high remote access bandwidth, the best application performance usually results from using cache blocks between 32 and 128 bytes in size. Using even larger blocks tends to increase the mean cost per reference, either because the miss rate increases or because the improvement in the miss rate is not enough to offset the increase in the miss penalty associated with larger blocks. We also show that modifying the program to remove the dominant source of misses may not help; the modified program could have a lower overall miss rate, but perform best with even smaller cache blocks. Since there are many factors that limit improvements in the miss rate with an increase in block size, and since the remote access bandwidth and latency limit the extent to which an improvement in the miss rate results in a lower mean cost per reference, we conclude that large cache blocks cannot be justified in most realistic scenarios.</subfield>
          </datafield>
          <datafield ind1=" " ind2=" " tag="540">
            <subfield code="a">This item is protected by copyright, with all rights reserved.</subfield>
          </datafield>
          <datafield ind1=" " ind2=" " tag="653">
            <subfield code="a">network bandwidth and latency.</subfield>
          </datafield>
          <datafield ind1=" " ind2=" " tag="653">
            <subfield code="a">memory bandwidth and latency.</subfield>
          </datafield>
          <datafield ind1=" " ind2=" " tag="653">
            <subfield code="a">scalable multiprocessors.</subfield>
          </datafield>
          <datafield ind1=" " ind2=" " tag="653">
            <subfield code="a">cache block size.</subfield>
          </datafield>
          <datafield ind1=" " ind2=" " tag="653">
            <subfield code="a">locality enhancement.</subfield>
          </datafield>
          <datafield ind1="1" ind2=" " tag="700">
            <subfield code="a">Bianchini, Ricardo.</subfield>
            <subfield code="4">aut</subfield>
          </datafield>
          <datafield ind1=" " ind2="0" tag="830">
            <subfield code="a">UR CSD;</subfield>
            <subfield code="v">TR486</subfield>
          </datafield>
          <datafield ind1="4" ind2="0" tag="856">
            <subfield code="u">http://hdl.handle.net/1953/459</subfield>
          </datafield>
        </record>
      </metadata>
    </record>