
    <record>
      <header>
        <identifier>oai:urresearch3.rochester.edu:324</identifier>
        <datestamp>2011-03-01T17:28:35Z</datestamp>
        <setSpec>3:97</setSpec>
      </header>
      <metadata>
        <record xmlns="http://www.loc.gov/MARC21/slim">
          <leader>00000 am a2200000Ka 4500</leader>
          <controlfield tag="006">m        d        </controlfield>
          <controlfield tag="007">cr||||||||||||</controlfield>
          <controlfield tag="008">      s1994            s           eng  </controlfield>
          <datafield ind1="1" ind2=" " tag="100">
            <subfield code="a">Fowler, Robert J..</subfield>
            <subfield code="4">aut</subfield>
          </datafield>
          <datafield ind1="1" ind2="4" tag="245">
            <subfield code="a">The Prospects for On-Line Hybrid Coherency Protocols on Bus-Based Multiprocessors</subfield>
            <subfield code="h">[electronic resource] /</subfield>
            <subfield code="c">Robert J. Fowler.</subfield>
          </datafield>
          <datafield ind1=" " ind2=" " tag="260">
            <subfield code="b">University of Rochester. Computer Science Department., </subfield>
            <subfield code="c">1994.</subfield>
          </datafield>
          <datafield ind1="1" ind2=" " tag="490">
            <subfield code="a">UR CSD;</subfield>
            <subfield code="v">TR490</subfield>
          </datafield>
          <datafield ind1="3" ind2=" " tag="520">
            <subfield code="a">Since data access patterns vary from application to application, neither write-invalidate nor write-update is the better strategy for maintaining cache coherence in all cases. Thus, it may be advantageous to use a hybrid cache coherency protocol that combines the best aspects of each. Although write-invalidate is the dominant approach in commercial multiprocessors, the recent introduction of coalescing write buffers combined with relaxed models of memory consistency can be expected to improve the performance of protocols based on updating. This motivates our re-examination of the relative performance of write-invalidate, write-update, and on-line dynamic hybrid protocols. Using a detailed program-driven simulation of a high-performance bus-based multiprocessor with release-consistent caching, we compare the performance of several variations on the hybrid protocol used in DEC AXP multiprocessors with the performance of several more conventional protocols. The variations on the hybrid protocol are introduced to correct weaknesses that appeared during the study. Though coalescing write buffers offer large performance improvements to the protocols that use update, conventional write-invalidate protocols also benefit. It appears that, although hybrid protocols do not offer any significant advantage over the best choice of pure protocol for a particular program, they may offer good performance over a wider range of applications than any single pure protocol.</subfield>
          </datafield>
          <datafield ind1=" " ind2=" " tag="540">
            <subfield code="a">This item is protected by copyright, with all rights reserved.</subfield>
          </datafield>
          <datafield ind1=" " ind2=" " tag="653">
            <subfield code="a">protocol.</subfield>
          </datafield>
          <datafield ind1=" " ind2=" " tag="653">
            <subfield code="a">Alpha microprocessor.</subfield>
          </datafield>
          <datafield ind1=" " ind2=" " tag="653">
            <subfield code="a">performance.</subfield>
          </datafield>
          <datafield ind1=" " ind2=" " tag="653">
            <subfield code="a">coherency.</subfield>
          </datafield>
          <datafield ind1=" " ind2=" " tag="653">
            <subfield code="a">multiprocessor.</subfield>
          </datafield>
          <datafield ind1="1" ind2=" " tag="700">
            <subfield code="a">Veenstra, Jack E..</subfield>
            <subfield code="4">aut</subfield>
          </datafield>
          <datafield ind1=" " ind2="0" tag="830">
            <subfield code="a">UR CSD;</subfield>
            <subfield code="v">TR490</subfield>
          </datafield>
          <datafield ind1="4" ind2="0" tag="856">
            <subfield code="u">http://hdl.handle.net/1953/460</subfield>
          </datafield>
        </record>
      </metadata>
    </record>