
    <record>
      <header>
        <identifier>oai:urresearch3.rochester.edu:325</identifier>
        <datestamp>2011-03-01T17:28:35Z</datestamp>
        <setSpec>3:97</setSpec>
      </header>
      <metadata>
        <record xmlns="http://www.loc.gov/MARC21/slim">
          <leader>00000 am a2200000Ka 4500</leader>
          <controlfield tag="006">m        d        </controlfield>
          <controlfield tag="007">cr||||||||||||</controlfield>
          <controlfield tag="008">      s1994            s           eng  </controlfield>
          <datafield ind1="1" ind2=" " tag="100">
            <subfield code="a">Li, Wei.</subfield>
            <subfield code="4">aut</subfield>
          </datafield>
          <datafield ind1="1" ind2="0" tag="245">
            <subfield code="a">Compiler Optimizations for Cache Locality and Coherence</subfield>
            <subfield code="h">[electronic resource] /</subfield>
            <subfield code="c">Wei Li.</subfield>
          </datafield>
          <datafield ind1=" " ind2=" " tag="260">
            <subfield code="b">University of Rochester. Computer Science Department., </subfield>
            <subfield code="c">1994.</subfield>
          </datafield>
          <datafield ind1="1" ind2=" " tag="490">
            <subfield code="a">UR CSD;</subfield>
            <subfield code="v">TR504</subfield>
          </datafield>
          <datafield ind1="3" ind2=" " tag="520">
            <subfield code="a">Almost every modern processor is designed with a memory hierarchy organized into several levels, each of which is smaller, faster, and more expensive than the level below. High performance requires the effective use of the cached data, i.e., cache locality. Smart compiler transformations can relieve the programmer from hand-optimizing for the specific machine architectures.   In a multiprocessor system, data inconsistency may occur between memory and caches. For example, the memory and multiple caches may have inconsistent copies of the same cache block. This introduces the problem of cache coherence. Several cache coherence protocols have been developed to maintain data coherence for multiple processors. Since multiple variables are located in the same block, it may cause the problem of false sharing, which has been identified by many researchers as a major obstacle to high performance. Therefore, in a multiprocessor system, we need to avoid false sharing as well as exploit cache locality.     In this paper, we first develop a new data reuse model and an algorithm called height reduction to improve cache locality. The advantage of this algorithm is that it can improve band matrix programs as well as dense matrix programs. It is more accurate and general than the existing techniques on improving cache locality, which were developed to optimize dense matrix programs. Then with the height reduction algorithm, we extend loop tiling to exploit not only intra-tile data locality but also inter-tile data locality. We call the new tiling affinity tiling. Our experiments show that affinity tiling is less sensitive to the choice of the tile size. Finally, we show that the algorithm also helps to eliminate or reduce false sharing in multiprocessor systems. With the height reduction algorithm and affinity tiling, significant performance improvement (speedups from 2.5 to 10) has been observed on HP workstations and KSR1 multiprocessors.</subfield>
          </datafield>
          <datafield ind1=" " ind2=" " tag="540">
            <subfield code="a">This item is protected by copyright, with all rights reserved.</subfield>
          </datafield>
          <datafield ind1=" " ind2=" " tag="653">
            <subfield code="a">non-singular transformations.</subfield>
          </datafield>
          <datafield ind1=" " ind2=" " tag="653">
            <subfield code="a">loop tiling.</subfield>
          </datafield>
          <datafield ind1=" " ind2=" " tag="653">
            <subfield code="a">banded matrix problems.</subfield>
          </datafield>
          <datafield ind1=" " ind2=" " tag="653">
            <subfield code="a">memory hierarchy.</subfield>
          </datafield>
          <datafield ind1=" " ind2=" " tag="653">
            <subfield code="a">data locality.</subfield>
          </datafield>
          <datafield ind1=" " ind2=" " tag="653">
            <subfield code="a">cache coherence.</subfield>
          </datafield>
          <datafield ind1=" " ind2=" " tag="653">
            <subfield code="a">false sharing.</subfield>
          </datafield>
          <datafield ind1=" " ind2=" " tag="653">
            <subfield code="a">compiler optimizations.</subfield>
          </datafield>
          <datafield ind1=" " ind2=" " tag="653">
            <subfield code="a">loop transformations.</subfield>
          </datafield>
          <datafield ind1=" " ind2=" " tag="653">
            <subfield code="a">distributed shared memory architectures.</subfield>
          </datafield>
          <datafield ind1=" " ind2="0" tag="830">
            <subfield code="a">UR CSD;</subfield>
            <subfield code="v">TR504</subfield>
          </datafield>
          <datafield ind1="4" ind2="0" tag="856">
            <subfield code="u">http://hdl.handle.net/1953/461</subfield>
          </datafield>
        </record>
      </metadata>
    </record>