
    <record>
      <header>
        <identifier>oai:urresearch3.rochester.edu:327</identifier>
        <datestamp>2011-03-01T17:28:35Z</datestamp>
        <setSpec>3:97</setSpec>
      </header>
      <metadata>
        <record xmlns="http://www.loc.gov/MARC21/slim">
          <leader>00000 am a2200000Ka 4500</leader>
          <controlfield tag="006">m        d        </controlfield>
          <controlfield tag="007">cr||||||||||||</controlfield>
          <controlfield tag="008">      s1994            s           eng  </controlfield>
          <datafield ind1="1" ind2=" " tag="100">
            <subfield code="a">LeBlanc, Thomas J..</subfield>
            <subfield code="4">aut</subfield>
          </datafield>
          <datafield ind1="1" ind2="2" tag="245">
            <subfield code="a">A Preliminary Evaluation of Cache-Miss-Initiated Prefetching Techniques in Scalable Multiprocessors</subfield>
            <subfield code="h">[electronic resource] /</subfield>
            <subfield code="c">Thomas J. LeBlanc.</subfield>
          </datafield>
          <datafield ind1=" " ind2=" " tag="260">
            <subfield code="b">University of Rochester. Computer Science Department., </subfield>
            <subfield code="c">1994.</subfield>
          </datafield>
          <datafield ind1="1" ind2=" " tag="490">
            <subfield code="a">UR CSD;</subfield>
            <subfield code="v">TR515</subfield>
          </datafield>
          <datafield ind1="3" ind2=" " tag="520">
            <subfield code="a">Prefetching is an important technique for reducing the average latency of memory accesses in scalable cache-coherent multiprocessors. Aggressive prefetching can significantly reduce the number of cache misses, but may introduce bursty network and memory traffic, and increase data sharing and cache pollution. Given that we anticipate enormous increases in both network bandwidth and latency, we examine whether aggressive prefetching triggered by a miss (cache-miss-initiated prefetching) can substantially improve the running time of parallel programs.   Using execution-driven simulation of parallel programs on a scalable cache-coherent machine, we study the performance of three cache-miss-initiated prefetching techniques: large cache blocks, sequential prefetching, and hybrid prefetching. Large cache blocks (which fetch multiple words within a single block) and sequential prefetching (which fetches multiple consecutive blocks) are well-known prefetching strategies. Hybrid prefetching is a novel technique combining hardware and software support for stride-directed prefetching.     Our simulation results show that large cache blocks rarely provide significant performance improvements; the improvement in the miss rate is often too small (or nonexistent) to offset a corresponding increase in the miss penalty. Our results also show that sequential and hybrid prefetching perform better than prefetching via large cache blocks, and that hybrid prefetching performs at least as well as sequential prefetching. In fact, given sufficiently high bandwidth and regular memory addressing, hybrid prefetching can perform as well as software prefetching (which does not require a miss to initiate prefetching). We conclude that among the cache-miss-initiated prefetching techniques we consider, hybrid prefetching is the only technique that offers significant performance improvements for scalable multiprocessors.</subfield>
          </datafield>
          <datafield ind1=" " ind2=" " tag="540">
            <subfield code="a">This item is protected by copyright, with all rights reserved.</subfield>
          </datafield>
          <datafield ind1=" " ind2=" " tag="653">
            <subfield code="a">cache-coherent multiprocessors.</subfield>
          </datafield>
          <datafield ind1=" " ind2=" " tag="653">
            <subfield code="a">stride-directed prefetching.</subfield>
          </datafield>
          <datafield ind1=" " ind2=" " tag="653">
            <subfield code="a">software prefetching.</subfield>
          </datafield>
          <datafield ind1=" " ind2=" " tag="653">
            <subfield code="a">execution-driven simulation.</subfield>
          </datafield>
          <datafield ind1=" " ind2=" " tag="653">
            <subfield code="a">remote access latency.</subfield>
          </datafield>
          <datafield ind1=" " ind2=" " tag="653">
            <subfield code="a">spatial locality.</subfield>
          </datafield>
          <datafield ind1="1" ind2=" " tag="700">
            <subfield code="a">Bianchini, Ricardo.</subfield>
            <subfield code="4">aut</subfield>
          </datafield>
          <datafield ind1=" " ind2="0" tag="830">
            <subfield code="a">UR CSD;</subfield>
            <subfield code="v">TR515</subfield>
          </datafield>
          <datafield ind1="4" ind2="0" tag="856">
            <subfield code="u">http://hdl.handle.net/1953/463</subfield>
          </datafield>
        </record>
      </metadata>
    </record>