
    <record>
      <header>
        <identifier>oai:urresearch3.rochester.edu:329</identifier>
        <datestamp>2011-03-01T17:28:35Z</datestamp>
        <setSpec>3:97</setSpec>
      </header>
      <metadata>
        <record xmlns="http://www.loc.gov/MARC21/slim">
          <leader>00000 am a2200000Ka 4500</leader>
          <controlfield tag="006">m        d        </controlfield>
          <controlfield tag="007">cr||||||||||||</controlfield>
          <controlfield tag="008">      s1994            s           eng  </controlfield>
          <datafield ind1="1" ind2=" " tag="100">
            <subfield code="a">Bianchini, Ricardo.</subfield>
            <subfield code="4">aut</subfield>
          </datafield>
          <datafield ind1="1" ind2="0" tag="245">
            <subfield code="a">Eliminating Useless Messages in Write-Update Protocols on Scalable Multiprocessors</subfield>
            <subfield code="h">[electronic resource] /</subfield>
            <subfield code="c">Ricardo Bianchini.</subfield>
          </datafield>
          <datafield ind1=" " ind2=" " tag="260">
            <subfield code="b">University of Rochester. Computer Science Department., </subfield>
            <subfield code="c">1994.</subfield>
          </datafield>
          <datafield ind1="1" ind2=" " tag="490">
            <subfield code="a">UR CSD;</subfield>
            <subfield code="v">TR539</subfield>
          </datafield>
          <datafield ind1="3" ind2=" " tag="520">
            <subfield code="a">Cache coherence protocols for shared-memory multiprocessors use invalidations or updates to maintain coherence across processors. Although invalidation protocols usually produce higher miss rates, update protocols typically perform worse. Detailed simulations of these two classes of protocol show that the excessive network traffic caused by update protocols significantly degrades performance, even with infinite bandwidth. Motivated by this observation, we categorize the coherence traffic in update-based protocols and show that, for most applications, more than 90\% of all updates generated by the protocol are unnecessary. We identify application characteristics that generate useless update traffic, and compare the isolated and combined effects of several software and hardware techniques for eliminating useless updates. These techniques include dynamic and static hybrid protocols, false sharing elimination strategies, and coalescing write buffers. Our simulations show that software caching (where coherence is managed under programmer or compiler control) and the dynamic hybrid protocol reduce useless updates the most, but coalescing write buffers produce fewer, albeit larger, coherence messages. As a result, coalescing write buffers usually produce the best running time, except when the block size is large or the bandwidth is limited. Finally, based on the observation that the techniques we consider are unable to eliminate a large number of useless updates, we suggest directions for further reducing the useless traffic in update-based protocols.</subfield>
          </datafield>
          <datafield ind1=" " ind2=" " tag="540">
            <subfield code="a">This item is protected by copyright, with all rights reserved.</subfield>
          </datafield>
          <datafield ind1=" " ind2=" " tag="653">
            <subfield code="a">updates.</subfield>
          </datafield>
          <datafield ind1=" " ind2=" " tag="653">
            <subfield code="a">coherence protocols.</subfield>
          </datafield>
          <datafield ind1=" " ind2=" " tag="653">
            <subfield code="a">invalidations.</subfield>
          </datafield>
          <datafield ind1=" " ind2=" " tag="653">
            <subfield code="a">scalable multiprocessors.</subfield>
          </datafield>
          <datafield ind1="1" ind2=" " tag="700">
            <subfield code="a">LeBlanc, Thomas J..</subfield>
            <subfield code="4">aut</subfield>
          </datafield>
          <datafield ind1="1" ind2=" " tag="700">
            <subfield code="a">Veenstra, Jack E..</subfield>
            <subfield code="4">aut</subfield>
          </datafield>
          <datafield ind1=" " ind2="0" tag="830">
            <subfield code="a">UR CSD;</subfield>
            <subfield code="v">TR539</subfield>
          </datafield>
          <datafield ind1="4" ind2="0" tag="856">
            <subfield code="u">http://hdl.handle.net/1953/468</subfield>
          </datafield>
        </record>
      </metadata>
    </record>