
    <record>
      <header>
        <identifier>oai:urresearch3.rochester.edu:330</identifier>
        <datestamp>2011-03-01T17:28:35Z</datestamp>
        <setSpec>3:97</setSpec>
      </header>
      <metadata>
        <record xmlns="http://www.loc.gov/MARC21/slim">
          <leader>00000 am a2200000Ka 4500</leader>
          <controlfield tag="006">m        d        </controlfield>
          <controlfield tag="007">cr||||||||||||</controlfield>
          <controlfield tag="008">      s1994            s           eng  </controlfield>
          <datafield ind1="1" ind2=" " tag="100">
            <subfield code="a">Marchetti, Michael.</subfield>
            <subfield code="4">aut</subfield>
          </datafield>
          <datafield ind1="1" ind2="0" tag="245">
            <subfield code="a">Using Simple Page Placement Policies to Reduce the Cost of Cache Fills in Coherent Shared-Memory Systems</subfield>
            <subfield code="h">[electronic resource] /</subfield>
            <subfield code="c">Michael Marchetti.</subfield>
          </datafield>
          <datafield ind1=" " ind2=" " tag="260">
            <subfield code="b">University of Rochester. Computer Science Department., </subfield>
            <subfield code="c">1994.</subfield>
          </datafield>
          <datafield ind1="1" ind2=" " tag="490">
            <subfield code="a">UR CSD;</subfield>
            <subfield code="v">TR535</subfield>
          </datafield>
          <datafield ind1="3" ind2=" " tag="520">
            <subfield code="a">The cost of a cache miss depends heavily on the location of the main memory that backs the missing line. For certain applications, this cost is a major factor in overall performance. We report on the utility of OS-based page placement as a mechanism to increase the frequency with which cache fills access local memory in a distributed shared memory multiprocessor. Even with the very simple policy of first-use placement, we find significant improvements over round-robin placement for many applications on both hardware and software-coherent systems. For most of our applications, dynamic placement allows 35 to 75 percent of cache fills to be performed locally, resulting in performance improvements of 20 to 40 percent.   We have also investigated the performance impact of more sophisticated policies including hardware support for page placement, dynamic page migration, and page replication. We were surprised to find no performance advantage for the more sophisticated policies; in fact in most cases performance of our applications suffered.</subfield>
          </datafield>
          <datafield ind1=" " ind2=" " tag="540">
            <subfield code="a">This item is protected by copyright, with all rights reserved.</subfield>
          </datafield>
          <datafield ind1=" " ind2=" " tag="653">
            <subfield code="a">locality.</subfield>
          </datafield>
          <datafield ind1=" " ind2=" " tag="653">
            <subfield code="a">migration.</subfield>
          </datafield>
          <datafield ind1=" " ind2=" " tag="653">
            <subfield code="a">replication.</subfield>
          </datafield>
          <datafield ind1=" " ind2=" " tag="653">
            <subfield code="a">placement.</subfield>
          </datafield>
          <datafield ind1="1" ind2=" " tag="700">
            <subfield code="a">Kontothanassis, Leonidas I..</subfield>
            <subfield code="4">aut</subfield>
          </datafield>
          <datafield ind1="1" ind2=" " tag="700">
            <subfield code="a">Bianchini, Ricardo.</subfield>
            <subfield code="4">aut</subfield>
          </datafield>
          <datafield ind1="1" ind2=" " tag="700">
            <subfield code="a">Scott, Michael Lee,</subfield>
            <subfield code="d">1959-</subfield>
            <subfield code="4">aut</subfield>
          </datafield>
          <datafield ind1=" " ind2="0" tag="830">
            <subfield code="a">UR CSD;</subfield>
            <subfield code="v">TR535</subfield>
          </datafield>
          <datafield ind1="4" ind2="0" tag="856">
            <subfield code="u">http://hdl.handle.net/1953/469</subfield>
          </datafield>
        </record>
      </metadata>
    </record>