
    <record>
      <header>
        <identifier>oai:urresearch3.rochester.edu:332</identifier>
        <datestamp>2011-03-01T17:28:35Z</datestamp>
        <setSpec>3:97</setSpec>
      </header>
      <metadata>
        <record xmlns="http://www.loc.gov/MARC21/slim">
          <leader>00000 am a2200000Ka 4500</leader>
          <controlfield tag="006">m        d        </controlfield>
          <controlfield tag="007">cr||||||||||||</controlfield>
          <controlfield tag="008">      s1994            s           eng  </controlfield>
          <datafield ind1="1" ind2=" " tag="100">
            <subfield code="a">Kontothanassis, Leonidas I..</subfield>
            <subfield code="4">aut</subfield>
          </datafield>
          <datafield ind1="1" ind2="0" tag="245">
            <subfield code="a">Lazy Release Consistency for Hardware-Coherent Multiprocessors</subfield>
            <subfield code="h">[electronic resource] /</subfield>
            <subfield code="c">Leonidas I. Kontothanassis.</subfield>
          </datafield>
          <datafield ind1=" " ind2=" " tag="260">
            <subfield code="b">University of Rochester. Computer Science Department., </subfield>
            <subfield code="c">1994.</subfield>
          </datafield>
          <datafield ind1="1" ind2=" " tag="490">
            <subfield code="a">UR CSD;</subfield>
            <subfield code="v">TR547</subfield>
          </datafield>
          <datafield ind1="3" ind2=" " tag="520">
            <subfield code="a">Release consistency is a widely accepted memory model for distributed shared memory systems. It provides significant opportunities for a coherence protocol to improve performance by delaying and buffering coherence operations. Different protocol implementations exploit these opportunities to different extents. Eager release consistency represents the state of the art for hardware-coherent multiprocessors, while lazy release consistency has been shown to provide better performance for software distributed shared memory (DSM). Several of the optimizations performed by lazy protocols have the potential to improve the performance of hardware-coherent multiprocessors, but their complexity has precluded a hardware implementation. With the advent of programmable protocol processors it may become possible to use them after all.   We present and evaluate a lazy release-consistent protocol suitable for machines with dedicated protocol processors. This protocol admits multiple concurrent writers, sends write notices concurrently with computation, and delays invalidations until acquire operations. We also consider a lazier protocol that delays sending write notices until release operations. Our results indicate that the first protocol outperforms eager release consistency by as much as 20\% across a variety of applications. The lazier protocol, on the other hand, is unable to recoup its high synchronization overhead. This represents a qualitative shift from the DSM world, where lazier protocols always yield performance improvements. We also study protocol performance under a variety of architectural settings and show that the performance gap between lazy and eager implementations of release consistency will increase on future machines. Based on our results, we conclude that machines with flexible hardware support for coherence should use protocols based on lazy release consistency, but in a less ``aggressively lazy'' form than is appropriate for DSM.</subfield>
          </datafield>
          <datafield ind1=" " ind2=" " tag="540">
            <subfield code="a">This item is protected by copyright, with all rights reserved.</subfield>
          </datafield>
          <datafield ind1=" " ind2=" " tag="653">
            <subfield code="a">lazy release consistency.</subfield>
          </datafield>
          <datafield ind1=" " ind2=" " tag="653">
            <subfield code="a">programmable protocol processors.</subfield>
          </datafield>
          <datafield ind1=" " ind2=" " tag="653">
            <subfield code="a">false sharing.</subfield>
          </datafield>
          <datafield ind1=" " ind2=" " tag="653">
            <subfield code="a">cache coherence.</subfield>
          </datafield>
          <datafield ind1=" " ind2=" " tag="653">
            <subfield code="a">scalable shared memory.</subfield>
          </datafield>
          <datafield ind1="1" ind2=" " tag="700">
            <subfield code="a">Scott, Michael Lee,</subfield>
            <subfield code="d">1959-</subfield>
            <subfield code="4">aut</subfield>
          </datafield>
          <datafield ind1="1" ind2=" " tag="700">
            <subfield code="a">Bianchini, Ricardo.</subfield>
            <subfield code="4">aut</subfield>
          </datafield>
          <datafield ind1=" " ind2="0" tag="830">
            <subfield code="a">UR CSD;</subfield>
            <subfield code="v">TR547</subfield>
          </datafield>
          <datafield ind1="4" ind2="0" tag="856">
            <subfield code="u">http://hdl.handle.net/1953/471</subfield>
          </datafield>
        </record>
      </metadata>
    </record>