
    <record>
      <header>
        <identifier>oai:urresearch3.rochester.edu:333</identifier>
        <datestamp>2011-03-01T17:28:35Z</datestamp>
        <setSpec>3:97</setSpec>
      </header>
      <metadata>
        <record xmlns="http://www.loc.gov/MARC21/slim">
          <leader>00000 am a2200000Ka 4500</leader>
          <controlfield tag="006">m        d        </controlfield>
          <controlfield tag="007">cr||||||||||||</controlfield>
          <controlfield tag="008">      s1994            s           eng  </controlfield>
          <datafield ind1="1" ind2=" " tag="100">
            <subfield code="a">Kontothanassis, Leonidas I..</subfield>
            <subfield code="4">aut</subfield>
          </datafield>
          <datafield ind1="1" ind2="0" tag="245">
            <subfield code="a">Scheduler-Conscious Synchronization</subfield>
            <subfield code="h">[electronic resource] /</subfield>
            <subfield code="c">Leonidas I. Kontothanassis.</subfield>
          </datafield>
          <datafield ind1=" " ind2=" " tag="260">
            <subfield code="b">University of Rochester. Computer Science Department., </subfield>
            <subfield code="c">1994.</subfield>
          </datafield>
          <datafield ind1="1" ind2=" " tag="490">
            <subfield code="a">UR CSD;</subfield>
            <subfield code="v">TR550</subfield>
          </datafield>
          <datafield ind1="3" ind2=" " tag="520">
            <subfield code="a">Efficient synchronization is important for achieving good performance in parallel programs, especially on large-scale multiprocessors. Most synchronization algorithms have been designed to run on a dedicated machine, with one application process per processor, and can suffer serious performance degradation in the presence of multiprogramming. Problems arise when running processes block or, worse, busy-wait for action on the part of a process that the scheduler has chosen not to run.   In this paper we describe and evaluate a set of scheduler-conscious synchronization algorithms that perform well in the presence of multiprogramming while maintaining good performance on dedicated machines. We consider both large and small machines, with a particular focus on scalability, and examine mutual-exclusion locks, reader-writer locks, and barriers. The algorithms we study fall into two classes: those that heuristically determine appropriate behavior and those that use scheduler information to guide their behavior. We show that while in some cases either method is sufficient, in general sharing information across the kernel-user interface both eases the design of synchronization algorithms and improves their performance.</subfield>
          </datafield>
          <datafield ind1=" " ind2=" " tag="540">
            <subfield code="a">This item is protected by copyright, with all rights reserved.</subfield>
          </datafield>
          <datafield ind1=" " ind2=" " tag="653">
            <subfield code="a">scheduler-conscious synchronization.</subfield>
          </datafield>
          <datafield ind1=" " ind2=" " tag="653">
            <subfield code="a">synchronization.</subfield>
          </datafield>
          <datafield ind1=" " ind2=" " tag="653">
            <subfield code="a">preemption-safe synchronization.</subfield>
          </datafield>
          <datafield ind1="1" ind2=" " tag="700">
            <subfield code="a">Wisniewski, Robert W.,</subfield>
            <subfield code="d">1968-</subfield>
            <subfield code="4">aut</subfield>
          </datafield>
          <datafield ind1="1" ind2=" " tag="700">
            <subfield code="a">Scott, Michael Lee,</subfield>
            <subfield code="d">1959-</subfield>
            <subfield code="4">aut</subfield>
          </datafield>
          <datafield ind1=" " ind2="0" tag="830">
            <subfield code="a">UR CSD;</subfield>
            <subfield code="v">TR550</subfield>
          </datafield>
          <datafield ind1="4" ind2="0" tag="856">
            <subfield code="u">http://hdl.handle.net/1953/472</subfield>
          </datafield>
        </record>
      </metadata>
    </record>