
    <record>
      <header>
        <identifier>oai:urresearch3.rochester.edu:334</identifier>
        <datestamp>2011-03-01T17:28:35Z</datestamp>
        <setSpec>3:97</setSpec>
      </header>
      <metadata>
        <record xmlns="http://www.loc.gov/MARC21/slim">
          <leader>00000 am a2200000Ka 4500</leader>
          <controlfield tag="006">m        d        </controlfield>
          <controlfield tag="007">cr||||||||||||</controlfield>
          <controlfield tag="008">      s1994            s           eng  </controlfield>
          <datafield ind1="1" ind2=" " tag="100">
            <subfield code="a">Hunt, Galen C..</subfield>
            <subfield code="4">aut</subfield>
          </datafield>
          <datafield ind1="1" ind2="3" tag="245">
            <subfield code="a">An Efficient Algorithm for Concurrent Priority Queue Heaps</subfield>
            <subfield code="h">[electronic resource] /</subfield>
            <subfield code="c">Galen C. Hunt.</subfield>
          </datafield>
          <datafield ind1=" " ind2=" " tag="260">
            <subfield code="b">University of Rochester. Computer Science Department., </subfield>
            <subfield code="c">1994.</subfield>
          </datafield>
          <datafield ind1="1" ind2=" " tag="490">
            <subfield code="a">UR CSD;</subfield>
            <subfield code="v">TR560</subfield>
          </datafield>
          <datafield ind1="3" ind2=" " tag="520">
            <subfield code="a">We present a new algorithm for concurrent access to array-based priority queue heaps. Deletions proceed top-down as they do in a previous algorithm due to Rao and Kumar [1988 (IEEE Trans. Computers 37(12))], but insertions proceed bottom-up, and consecutive insertions use a bit-reversal technique to scatter accesses across the fringe of the tree, to reduce contention. Because insertions do not have to traverse the entire height of the tree (as they do in previous work), as many as O(M) operations can proceed in parallel, rather than O(log M) on a heap of size M. Experimental results on a Silicon Graphics Challenge multiprocessor demonstrate good overall performance for the new algorithm on small heaps, and significant performance improvements over known alternatives on large heaps with mixed insertion/deletion workloads.</subfield>
          </datafield>
          <datafield ind1=" " ind2=" " tag="540">
            <subfield code="a">This item is protected by copyright, with all rights reserved.</subfield>
          </datafield>
          <datafield ind1=" " ind2=" " tag="653">
            <subfield code="a">concurrent priority queue.</subfield>
          </datafield>
          <datafield ind1=" " ind2=" " tag="653">
            <subfield code="a">bit-reverse.</subfield>
          </datafield>
          <datafield ind1=" " ind2=" " tag="653">
            <subfield code="a">concurrency.</subfield>
          </datafield>
          <datafield ind1=" " ind2=" " tag="653">
            <subfield code="a">heap.</subfield>
          </datafield>
          <datafield ind1="1" ind2=" " tag="700">
            <subfield code="a">Michael, Maged M..</subfield>
            <subfield code="4">aut</subfield>
          </datafield>
          <datafield ind1="1" ind2=" " tag="700">
            <subfield code="a">Parthasarathy, Srinivasan.</subfield>
            <subfield code="4">aut</subfield>
          </datafield>
          <datafield ind1="1" ind2=" " tag="700">
            <subfield code="a">Scott, Michael Lee,</subfield>
            <subfield code="d">1959-</subfield>
            <subfield code="4">aut</subfield>
          </datafield>
          <datafield ind1=" " ind2="0" tag="830">
            <subfield code="a">UR CSD;</subfield>
            <subfield code="v">TR560</subfield>
          </datafield>
          <datafield ind1="4" ind2="0" tag="856">
            <subfield code="u">http://hdl.handle.net/1953/473</subfield>
          </datafield>
        </record>
      </metadata>
    </record>