
    <record>
      <header>
        <identifier>oai:urresearch3.rochester.edu:337</identifier>
        <datestamp>2011-03-01T17:28:35Z</datestamp>
        <setSpec>3:97</setSpec>
      </header>
      <metadata>
        <record xmlns="http://www.loc.gov/MARC21/slim">
          <leader>00000 am a2200000Ka 4500</leader>
          <controlfield tag="006">m        d        </controlfield>
          <controlfield tag="007">cr||||||||||||</controlfield>
          <controlfield tag="008">      s1995            s           eng  </controlfield>
          <datafield ind1="1" ind2=" " tag="100">
            <subfield code="a">Stevens, Luis F..</subfield>
            <subfield code="4">aut</subfield>
          </datafield>
          <datafield ind1="1" ind2="2" tag="245">
            <subfield code="a">A Model and Tools for Supporting Parallel Real-Time Applications in Unix Environments</subfield>
            <subfield code="h">[electronic resource] /</subfield>
            <subfield code="c">Luis F. Stevens.</subfield>
          </datafield>
          <datafield ind1=" " ind2=" " tag="260">
            <subfield code="b">University of Rochester. Computer Science Department., </subfield>
            <subfield code="c">1995.</subfield>
          </datafield>
          <datafield ind1="1" ind2=" " tag="490">
            <subfield code="a">UR CSD;</subfield>
            <subfield code="v">TR577</subfield>
          </datafield>
          <datafield ind1="3" ind2=" " tag="520">
            <subfield code="a">As real-time applications become more complex it is increasingly important to provide both a clean model for their development and the ability to verify that their execution matches the development model. In addition to becoming more complex, soft real-time programs are becoming more mainstream and are being run on platforms running some variant of Unix. It is even more important in these environments to be able to monitor a program and understand its behavior. We describe our frame scheduler, which provides a simple model to the real-time programmer while maintaining considerable flexibility. We motivate and describe the implementation of FrameView, a set of tools closely coupled with the frame scheduler. Since FrameView and the frame scheduler were developed in conjunction with each other, and are tightly coupled, they provide a powerful and efficient means for programmers to implement, analyze, and modify soft parallel real-time applications. The frame scheduler is fully implemented in IRIX 5.3, and FrameView is in beta release. In this paper we describe our experiences building and using the frame scheduler and FrameView.</subfield>
          </datafield>
          <datafield ind1=" " ind2=" " tag="540">
            <subfield code="a">This item is protected by copyright, with all rights reserved.</subfield>
          </datafield>
          <datafield ind1=" " ind2=" " tag="653">
            <subfield code="a">real-time monitoring.</subfield>
          </datafield>
          <datafield ind1=" " ind2=" " tag="653">
            <subfield code="a">parallel soft real time.</subfield>
          </datafield>
          <datafield ind1="1" ind2=" " tag="700">
            <subfield code="a">Wisniewski, Robert W.,</subfield>
            <subfield code="d">1968-</subfield>
            <subfield code="4">aut</subfield>
          </datafield>
          <datafield ind1=" " ind2="0" tag="830">
            <subfield code="a">UR CSD;</subfield>
            <subfield code="v">TR577</subfield>
          </datafield>
          <datafield ind1="4" ind2="0" tag="856">
            <subfield code="u">http://hdl.handle.net/1953/475</subfield>
          </datafield>
        </record>
      </metadata>
    </record>