
    <record>
      <header>
        <identifier>oai:urresearch3.rochester.edu:338</identifier>
        <datestamp>2011-03-01T17:28:35Z</datestamp>
        <setSpec>3:97</setSpec>
      </header>
      <metadata>
        <record xmlns="http://www.loc.gov/MARC21/slim">
          <leader>00000 am a2200000Ka 4500</leader>
          <controlfield tag="006">m        d        </controlfield>
          <controlfield tag="007">cr||||||||||||</controlfield>
          <controlfield tag="008">      s1995            s           eng  </controlfield>
          <datafield ind1="1" ind2=" " tag="100">
            <subfield code="a">Scott, Michael Lee,</subfield>
            <subfield code="d">1959-</subfield>
            <subfield code="4">aut</subfield>
          </datafield>
          <datafield ind1="1" ind2="0" tag="245">
            <subfield code="a">Distributed Shared Memory for New Generation Networks</subfield>
            <subfield code="h">[electronic resource] /</subfield>
            <subfield code="c">Michael Lee Scott.</subfield>
          </datafield>
          <datafield ind1=" " ind2=" " tag="260">
            <subfield code="b">University of Rochester. Computer Science Department., </subfield>
            <subfield code="c">1995.</subfield>
          </datafield>
          <datafield ind1="1" ind2=" " tag="490">
            <subfield code="a">UR CSD;</subfield>
            <subfield code="v">TR578</subfield>
          </datafield>
          <datafield ind1="3" ind2=" " tag="520">
            <subfield code="a">Shared memory is widely believed to provide an easier programming model than message passing for expressing parallel algorithms. Distributed Shared Memory (DSM) systems provide the illusion of shared memory on top of standard message passing hardware at very low implementation cost, but provide acceptable performance on only a limited class of applications. In this paper we study the main sources of overhead found in software-coherent, distributed shared-memory systems and argue that recent revolutionary changes in network technology now allow us to design protocols that minimize such overheads and that approach the performance of full hardware coherence. Specifically, we claim that memory-mapped network interfaces that support a global physical address space can greatly improve the performance of DSM systems. To support this claim we study a variety of coherence protocols that can take advantage of the global physical address space and compare their performance with the best known protocol for pure message passing hardware. For the programs in our application suite, protocols taking advantage of the new hardware features improve performance by at least 50% and by as much as an order of magnitude.</subfield>
          </datafield>
          <datafield ind1=" " ind2=" " tag="540">
            <subfield code="a">This item is protected by copyright, with all rights reserved.</subfield>
          </datafield>
          <datafield ind1=" " ind2=" " tag="653">
            <subfield code="a">software coherence.</subfield>
          </datafield>
          <datafield ind1=" " ind2=" " tag="653">
            <subfield code="a">memory-mapped network interface.</subfield>
          </datafield>
          <datafield ind1=" " ind2=" " tag="653">
            <subfield code="a">DSM.</subfield>
          </datafield>
          <datafield ind1=" " ind2=" " tag="653">
            <subfield code="a">Cashmere.</subfield>
          </datafield>
          <datafield ind1=" " ind2=" " tag="653">
            <subfield code="a">Net-NUMA.</subfield>
          </datafield>
          <datafield ind1="1" ind2=" " tag="700">
            <subfield code="a">Kontothanassis, Leonidas I..</subfield>
            <subfield code="4">aut</subfield>
          </datafield>
          <datafield ind1=" " ind2="0" tag="830">
            <subfield code="a">UR CSD;</subfield>
            <subfield code="v">TR578</subfield>
          </datafield>
          <datafield ind1="4" ind2="0" tag="856">
            <subfield code="u">http://hdl.handle.net/1953/476</subfield>
          </datafield>
        </record>
      </metadata>
    </record>