
    <record>
      <header>
        <identifier>oai:urresearch3.rochester.edu:339</identifier>
        <datestamp>2011-03-01T17:28:35Z</datestamp>
        <setSpec>3:97</setSpec>
      </header>
      <metadata>
        <record xmlns="http://www.loc.gov/MARC21/slim">
          <leader>00000 am a2200000Ka 4500</leader>
          <controlfield tag="006">m        d        </controlfield>
          <controlfield tag="007">cr||||||||||||</controlfield>
          <controlfield tag="008">      s1995            s           eng  </controlfield>
          <datafield ind1="1" ind2=" " tag="100">
            <subfield code="a">Crovella, Mark E..</subfield>
            <subfield code="4">aut</subfield>
          </datafield>
          <datafield ind1="1" ind2="0" tag="245">
            <subfield code="a">Performance Measurement and Modeling with the Lost Cycles Toolkit</subfield>
            <subfield code="h">[electronic resource] /</subfield>
            <subfield code="c">Mark E. Crovella.</subfield>
          </datafield>
          <datafield ind1=" " ind2=" " tag="260">
            <subfield code="b">University of Rochester. Computer Science Department., </subfield>
            <subfield code="c">1995.</subfield>
          </datafield>
          <datafield ind1="1" ind2=" " tag="490">
            <subfield code="a">UR CSD;</subfield>
            <subfield code="v">TR580</subfield>
          </datafield>
          <datafield ind1="3" ind2=" " tag="520">
            <subfield code="a">Although there are many situations in which a model of application performance is valuable, performance modeling of parallel programs is not commonplace, largely because of the difficulty of developing accurate models of real applications executing on real multiprocessors. This paper describes a toolkit for performance tuning and prediction based on &lt;I&gt;lost cycles analysis&lt;/I&gt;. Lost cycles analysis decomposes parallel overheads into meaningful categories that are amenable to modeling, and uses &lt;I&gt;a priori&lt;/I&gt; knowledge of the sources and characteristics of overhead in parallel systems to guide and constrain the modeling process. The Lost Cycles Toolkit automates the process of constructing a performance model for a parallel application by integrating empirical model-building techniques from statistics with measurement and modeling techniques for parallel programs. We present several examples to show how the toolkit facilitates the construction of performance models, and to illustrate the use of the toolkit in solving practical performance problems.</subfield>
          </datafield>
          <datafield ind1=" " ind2=" " tag="540">
            <subfield code="a">This item is protected by copyright, with all rights reserved.</subfield>
          </datafield>
          <datafield ind1=" " ind2=" " tag="653">
            <subfield code="a">analysis.</subfield>
          </datafield>
          <datafield ind1=" " ind2=" " tag="653">
            <subfield code="a">parallel performance modeling.</subfield>
          </datafield>
          <datafield ind1=" " ind2=" " tag="653">
            <subfield code="a">prediction.</subfield>
          </datafield>
          <datafield ind1="1" ind2=" " tag="700">
            <subfield code="a">LeBlanc, Thomas J..</subfield>
            <subfield code="4">aut</subfield>
          </datafield>
          <datafield ind1="1" ind2=" " tag="700">
            <subfield code="a">Meira Jr., Wagner.</subfield>
            <subfield code="4">aut</subfield>
          </datafield>
          <datafield ind1=" " ind2="0" tag="830">
            <subfield code="a">UR CSD;</subfield>
            <subfield code="v">TR580</subfield>
          </datafield>
          <datafield ind1="4" ind2="0" tag="856">
            <subfield code="u">http://hdl.handle.net/1953/477</subfield>
          </datafield>
        </record>
      </metadata>
    </record>