
    <record>
      <header>
        <identifier>oai:urresearch3.rochester.edu:340</identifier>
        <datestamp>2011-03-01T17:28:35Z</datestamp>
        <setSpec>3:97</setSpec>
      </header>
      <metadata>
        <record xmlns="http://www.loc.gov/MARC21/slim">
          <leader>00000 am a2200000Ka 4500</leader>
          <controlfield tag="006">m        d        </controlfield>
          <controlfield tag="007">cr||||||||||||</controlfield>
          <controlfield tag="008">      s1995            s           eng  </controlfield>
          <datafield ind1="1" ind2=" " tag="100">
            <subfield code="a">Meira Jr., Wagner.</subfield>
            <subfield code="4">aut</subfield>
          </datafield>
          <datafield ind1="1" ind2="0" tag="245">
            <subfield code="a">Modeling Performance of Parallel Programs</subfield>
            <subfield code="h">[electronic resource] /</subfield>
            <subfield code="c">Wagner Meira Jr..</subfield>
          </datafield>
          <datafield ind1=" " ind2=" " tag="260">
            <subfield code="b">University of Rochester. Computer Science Department., </subfield>
            <subfield code="c">1995.</subfield>
          </datafield>
          <datafield ind1="1" ind2=" " tag="490">
            <subfield code="a">UR CSD;</subfield>
            <subfield code="v">TR589</subfield>
          </datafield>
          <datafield ind1="3" ind2=" " tag="520">
            <subfield code="a">The actual performance of parallel programs is often disappointing, especially in comparison to the peak performance offered by the underlying hardware. There are many sources of performance degradation and understanding these sources is necessary to improve application performance. In this paper we discuss performance modeling, an approach to understanding the performance of parallel systems. We present a survey of current approaches to modeling (both analytical modeling based on system parameters, and structural modeling based on the structure of the program), and propose a combination of these two approaches as a promising direction for new work. This combination is explored by evaluating and proposing improvements to lost cycles analysis, which already contains features from both approaches, and also combines measurement and modeling.</subfield>
          </datafield>
          <datafield ind1=" " ind2=" " tag="540">
            <subfield code="a">This item is protected by copyright, with all rights reserved.</subfield>
          </datafield>
          <datafield ind1=" " ind2=" " tag="653">
            <subfield code="a">analysis.</subfield>
          </datafield>
          <datafield ind1=" " ind2=" " tag="653">
            <subfield code="a">parallel performance modeling.</subfield>
          </datafield>
          <datafield ind1=" " ind2=" " tag="653">
            <subfield code="a">prediction.</subfield>
          </datafield>
          <datafield ind1=" " ind2="0" tag="830">
            <subfield code="a">UR CSD;</subfield>
            <subfield code="v">TR589</subfield>
          </datafield>
          <datafield ind1="4" ind2="0" tag="856">
            <subfield code="u">http://hdl.handle.net/1953/483</subfield>
          </datafield>
        </record>
      </metadata>
    </record>