
    <record>
      <header>
        <identifier>oai:urresearch3.rochester.edu:344</identifier>
        <datestamp>2011-03-01T17:28:35Z</datestamp>
        <setSpec>3:97</setSpec>
      </header>
      <metadata>
        <record xmlns="http://www.loc.gov/MARC21/slim">
          <leader>00000 am a2200000Ka 4500</leader>
          <controlfield tag="006">m        d        </controlfield>
          <controlfield tag="007">cr||||||||||||</controlfield>
          <controlfield tag="008">      s1995            s           eng  </controlfield>
          <datafield ind1="1" ind2=" " tag="100">
            <subfield code="a">Scott, Michael Lee,</subfield>
            <subfield code="d">1959-</subfield>
            <subfield code="4">aut</subfield>
          </datafield>
          <datafield ind1="1" ind2="0" tag="245">
            <subfield code="a">Simple, Fast, and Practical Non-Blocking and Blocking Concurrent Queue Algorithms</subfield>
            <subfield code="h">[electronic resource] /</subfield>
            <subfield code="c">Michael Lee Scott.</subfield>
          </datafield>
          <datafield ind1=" " ind2=" " tag="260">
            <subfield code="b">University of Rochester. Computer Science Department., </subfield>
            <subfield code="c">1995.</subfield>
          </datafield>
          <datafield ind1="1" ind2=" " tag="490">
            <subfield code="a">UR CSD;</subfield>
            <subfield code="v">TR600</subfield>
          </datafield>
          <datafield ind1="3" ind2=" " tag="520">
            <subfield code="a">Drawing ideas from previous authors, we present a new non-blocking concurrent queue algorithm and a new two-lock queue algorithm in which one enqueue and one dequeue can proceed concurrently. Both algorithms are simple, fast, and practical; we were surprised not to find them in the literature. Experiments on a 12-node SGI Challenge multiprocessor indicate that the new non-blocking queue consistently outperforms the best known alternatives; it is the clear algorithm of choice for machines that provide a universal atomic primitive (e.g., compare_and_swap or load_linked/store_conditional). The two-lock concurrent queue outperforms a single lock when several processes are competing simultaneously for access; it appears to be the algorithm of choice for busy queues on machines with non-universal atomic primitives (e.g., test_and_set). Since much of the motivation for non-blocking algorithms is rooted in their immunity to large, unpredictable delays in process execution, we report experimental results both for systems with dedicated processors and for systems with several processes multiprogrammed on each processor.</subfield>
          </datafield>
          <datafield ind1=" " ind2=" " tag="540">
            <subfield code="a">This item is protected by copyright, with all rights reserved.</subfield>
          </datafield>
          <datafield ind1=" " ind2=" " tag="653">
            <subfield code="a">lock-free.</subfield>
          </datafield>
          <datafield ind1=" " ind2=" " tag="653">
            <subfield code="a">compare_and_swap.</subfield>
          </datafield>
          <datafield ind1=" " ind2=" " tag="653">
            <subfield code="a">multiprogramming.</subfield>
          </datafield>
          <datafield ind1=" " ind2=" " tag="653">
            <subfield code="a">concurrent queue.</subfield>
          </datafield>
          <datafield ind1=" " ind2=" " tag="653">
            <subfield code="a">non-blocking.</subfield>
          </datafield>
          <datafield ind1="1" ind2=" " tag="700">
            <subfield code="a">Michael, Maged M..</subfield>
            <subfield code="4">aut</subfield>
          </datafield>
          <datafield ind1=" " ind2="0" tag="830">
            <subfield code="a">UR CSD;</subfield>
            <subfield code="v">TR600</subfield>
          </datafield>
          <datafield ind1="4" ind2="0" tag="856">
            <subfield code="u">http://hdl.handle.net/1953/486</subfield>
          </datafield>
        </record>
      </metadata>
    </record>