
    <record>
      <header>
        <identifier>oai:urresearch3.rochester.edu:345</identifier>
        <datestamp>2011-03-01T17:28:35Z</datestamp>
        <setSpec>3:97</setSpec>
      </header>
      <metadata>
        <record xmlns="http://www.loc.gov/MARC21/slim">
          <leader>00000 am a2200000Ka 4500</leader>
          <controlfield tag="006">m        d        </controlfield>
          <controlfield tag="007">cr||||||||||||</controlfield>
          <controlfield tag="008">      s1995            s           eng  </controlfield>
          <datafield ind1="1" ind2=" " tag="100">
            <subfield code="a">Zaki, Mohammed Javeed.</subfield>
            <subfield code="4">aut</subfield>
          </datafield>
          <datafield ind1="1" ind2="0" tag="245">
            <subfield code="a">Customized Dynamic Load Balancing for a Network of Workstations</subfield>
            <subfield code="h">[electronic resource] /</subfield>
            <subfield code="c">Mohammed Javeed Zaki.</subfield>
          </datafield>
          <datafield ind1=" " ind2=" " tag="260">
            <subfield code="b">University of Rochester. Computer Science Department., </subfield>
            <subfield code="c">1995.</subfield>
          </datafield>
          <datafield ind1="1" ind2=" " tag="490">
            <subfield code="a">UR CSD;</subfield>
            <subfield code="v">TR602</subfield>
          </datafield>
          <datafield ind1="3" ind2=" " tag="520">
            <subfield code="a">Load balancing involves assigning to each processor, work proportional to its performance, minimizing the execution time of the program. Although static load balancing can solve many problems (e.g., those caused by processor heterogeneity and non-uniform loops) for most regular applications, the transient external load due to multiple-users on a network of workstations necessitates a dynamic approach to load balancing. In this paper we examine the behavior of {\em global} vs {\em local}, and {\em centralized} vs {\em distributed}, load balancing strategies. We show that different schemes are best for different applications under varying program and system parameters. Therefore, customized load balancing schemes become essential for good performance. We present a hybrid compile-time and run-time modeling and decision process which selects (customizes) the best scheme, along with automatic generation of parallel code with calls to a runtime library for load balancing.</subfield>
          </datafield>
          <datafield ind1=" " ind2=" " tag="540">
            <subfield code="a">This item is protected by copyright, with all rights reserved.</subfield>
          </datafield>
          <datafield ind1=" " ind2=" " tag="653">
            <subfield code="a">customized dynamic load balancing.</subfield>
          </datafield>
          <datafield ind1=" " ind2=" " tag="653">
            <subfield code="a">network of workstations.</subfield>
          </datafield>
          <datafield ind1=" " ind2=" " tag="653">
            <subfield code="a">performance modeling.</subfield>
          </datafield>
          <datafield ind1=" " ind2=" " tag="653">
            <subfield code="a">compile/run-time system.</subfield>
          </datafield>
          <datafield ind1="1" ind2=" " tag="700">
            <subfield code="a">Li, Wei.</subfield>
            <subfield code="4">aut</subfield>
          </datafield>
          <datafield ind1="1" ind2=" " tag="700">
            <subfield code="a">Parthasarathy, Srinivasan.</subfield>
            <subfield code="4">aut</subfield>
          </datafield>
          <datafield ind1=" " ind2="0" tag="830">
            <subfield code="a">UR CSD;</subfield>
            <subfield code="v">TR602</subfield>
          </datafield>
          <datafield ind1="4" ind2="0" tag="856">
            <subfield code="u">http://hdl.handle.net/1953/487</subfield>
          </datafield>
        </record>
      </metadata>
    </record>