
    <record>
      <header>
        <identifier>oai:urresearch3.rochester.edu:347</identifier>
        <datestamp>2011-03-01T17:28:35Z</datestamp>
        <setSpec>3:97</setSpec>
      </header>
      <metadata>
        <record xmlns="http://www.loc.gov/MARC21/slim">
          <leader>00000 am a2200000Ka 4500</leader>
          <controlfield tag="006">m        d        </controlfield>
          <controlfield tag="007">cr||||||||||||</controlfield>
          <controlfield tag="008">      s1996            s           eng  </controlfield>
          <datafield ind1="1" ind2=" " tag="100">
            <subfield code="a">Scott, Michael Lee,</subfield>
            <subfield code="d">1959-</subfield>
            <subfield code="4">aut</subfield>
          </datafield>
          <datafield ind1="1" ind2="4" tag="245">
            <subfield code="a">The Topological Barrier: A Synchronization Abstraction for Regularly-Structured Parallel Applications</subfield>
            <subfield code="h">[electronic resource] /</subfield>
            <subfield code="c">Michael Lee Scott.</subfield>
          </datafield>
          <datafield ind1=" " ind2=" " tag="260">
            <subfield code="b">University of Rochester. Computer Science Department., </subfield>
            <subfield code="c">1996.</subfield>
          </datafield>
          <datafield ind1="1" ind2=" " tag="490">
            <subfield code="a">UR CSD;</subfield>
            <subfield code="v">TR605</subfield>
          </datafield>
          <datafield ind1="3" ind2=" " tag="520">
            <subfield code="a">Barriers are a simple, widely-used technique for synchronization in parallel applications. In regularly-structured programs, however, barriers can overly-constrain execution by forcing synchronization among processes that do not really share data. The topological barrier preserves the simplicity of traditional barriers while performing the minimum amount of synchronization actually required by the application. Topological barriers can easily be retro-fitted into existing programs. The only new burden on the programmer is the construction of a pair of functions to count and enumerate the neighbors of a given process. We describe the topological barrier in pseudo-code and pictures, and illustrate its performance on a pair of applications.</subfield>
          </datafield>
          <datafield ind1=" " ind2=" " tag="540">
            <subfield code="a">This item is protected by copyright, with all rights reserved.</subfield>
          </datafield>
          <datafield ind1=" " ind2=" " tag="653">
            <subfield code="a">barriers.</subfield>
          </datafield>
          <datafield ind1=" " ind2=" " tag="653">
            <subfield code="a">synchronization.</subfield>
          </datafield>
          <datafield ind1=" " ind2=" " tag="653">
            <subfield code="a">abstraction.</subfield>
          </datafield>
          <datafield ind1=" " ind2=" " tag="653">
            <subfield code="a">communication topology.</subfield>
          </datafield>
          <datafield ind1="1" ind2=" " tag="700">
            <subfield code="a">Michael, Maged M..</subfield>
            <subfield code="4">aut</subfield>
          </datafield>
          <datafield ind1=" " ind2="0" tag="830">
            <subfield code="a">UR CSD;</subfield>
            <subfield code="v">TR605</subfield>
          </datafield>
          <datafield ind1="4" ind2="0" tag="856">
            <subfield code="u">http://hdl.handle.net/1953/489</subfield>
          </datafield>
        </record>
      </metadata>
    </record>