
    <record>
      <header>
        <identifier>oai:urresearch3.rochester.edu:348</identifier>
        <datestamp>2011-03-01T17:28:35Z</datestamp>
        <setSpec>3:97</setSpec>
      </header>
      <metadata>
        <record xmlns="http://www.loc.gov/MARC21/slim">
          <leader>00000 am a2200000Ka 4500</leader>
          <controlfield tag="006">m        d        </controlfield>
          <controlfield tag="007">cr||||||||||||</controlfield>
          <controlfield tag="008">      s1996            s           eng  </controlfield>
          <datafield ind1="1" ind2=" " tag="100">
            <subfield code="a">Scott, Michael Lee,</subfield>
            <subfield code="d">1959-</subfield>
            <subfield code="4">aut</subfield>
          </datafield>
          <datafield ind1="1" ind2="0" tag="245">
            <subfield code="a">Concurrent Update on Multiprogrammed Shared Memory Multiprocessors</subfield>
            <subfield code="h">[electronic resource] /</subfield>
            <subfield code="c">Michael Lee Scott.</subfield>
          </datafield>
          <datafield ind1=" " ind2=" " tag="260">
            <subfield code="b">University of Rochester. Computer Science Department., </subfield>
            <subfield code="c">1996.</subfield>
          </datafield>
          <datafield ind1="1" ind2=" " tag="490">
            <subfield code="a">UR CSD;</subfield>
            <subfield code="v">TR614</subfield>
          </datafield>
          <datafield ind1="3" ind2=" " tag="520">
            <subfield code="a">Most multiprocessors are multiprogrammed in order to achieve acceptable response time and to increase utilization. Unfortunately, inopportune preemption may significantly degrade the performance of synchronized parallel applications. To address this problem, researchers have developed two principal strategies for concurrent, atomic update of shared data structures: &lt;I&gt;preemption-safe locking&lt;/I&gt; and &lt;I&gt;non-blocking&lt;/I&gt; (lock-free)  &lt;I&gt;algorithms&lt;/I&gt;. Preemption-safe locking requires kernel support. Non-blocking algorithms generally require a universal atomic primitive such as compare_and_swap or load_linked/store_conditional.   We focus in our study on four simple but important concurrent data structures---stacks, FIFO queues, priority queues and counters---in synthetic kernels and real applications on a 12-processor SGI Challenge multiprocessor. Our results indicate that efficient, data-structure-specific non-blocking algorithms, which exist for stacks, FIFO queues and counters, outperform both preemption-safe and ordinary locks by 20--40% in real applications and 40--55% in synthetic kernels on both multiprogrammed and dedicated systems (general-purpose non-blocking techniques do not yet appear to be practical). At the same time, preemption-safe locks outperform conventional locks by significant margins on multiprogrammed systems. The clear conclusion is that data-structure-specific non-blocking algorithms should be used whenever possible. For data structures for which such algorithms are not known, operating systems for multiprogrammed parallel machines should provide preemption-safe locks.</subfield>
          </datafield>
          <datafield ind1=" " ind2=" " tag="540">
            <subfield code="a">This item is protected by copyright, with all rights reserved.</subfield>
          </datafield>
          <datafield ind1=" " ind2=" " tag="653">
            <subfield code="a">concurrent heaps.</subfield>
          </datafield>
          <datafield ind1=" " ind2=" " tag="653">
            <subfield code="a">compare_and_swap.</subfield>
          </datafield>
          <datafield ind1=" " ind2=" " tag="653">
            <subfield code="a">load_linked.</subfield>
          </datafield>
          <datafield ind1=" " ind2=" " tag="653">
            <subfield code="a">store_conditional.</subfield>
          </datafield>
          <datafield ind1=" " ind2=" " tag="653">
            <subfield code="a">non-blocking.</subfield>
          </datafield>
          <datafield ind1=" " ind2=" " tag="653">
            <subfield code="a">mutual exclusion.</subfield>
          </datafield>
          <datafield ind1=" " ind2=" " tag="653">
            <subfield code="a">locks.</subfield>
          </datafield>
          <datafield ind1=" " ind2=" " tag="653">
            <subfield code="a">multiprogramming.</subfield>
          </datafield>
          <datafield ind1=" " ind2=" " tag="653">
            <subfield code="a">concurrent queues.</subfield>
          </datafield>
          <datafield ind1=" " ind2=" " tag="653">
            <subfield code="a">concurrent stacks.</subfield>
          </datafield>
          <datafield ind1=" " ind2=" " tag="653">
            <subfield code="a">lock-free.</subfield>
          </datafield>
          <datafield ind1="1" ind2=" " tag="700">
            <subfield code="a">Michael, Maged M..</subfield>
            <subfield code="4">aut</subfield>
          </datafield>
          <datafield ind1=" " ind2="0" tag="830">
            <subfield code="a">UR CSD;</subfield>
            <subfield code="v">TR614</subfield>
          </datafield>
          <datafield ind1="4" ind2="0" tag="856">
            <subfield code="u">http://hdl.handle.net/1953/490</subfield>
          </datafield>
        </record>
      </metadata>
    </record>