
    <record>
      <header>
        <identifier>oai:urresearch3.rochester.edu:349</identifier>
        <datestamp>2011-03-01T17:28:35Z</datestamp>
        <setSpec>3:97</setSpec>
      </header>
      <metadata>
        <record xmlns="http://www.loc.gov/MARC21/slim">
          <leader>00000 am a2200000Ka 4500</leader>
          <controlfield tag="006">m        d        </controlfield>
          <controlfield tag="007">cr||||||||||||</controlfield>
          <controlfield tag="008">      s1996            s           eng  </controlfield>
          <datafield ind1="1" ind2=" " tag="100">
            <subfield code="a">Zaki, Mohammed Javeed.</subfield>
            <subfield code="4">aut</subfield>
          </datafield>
          <datafield ind1="1" ind2="0" tag="245">
            <subfield code="a">Evaluation of Sampling for Data Mining of Association Rules</subfield>
            <subfield code="h">[electronic resource] /</subfield>
            <subfield code="c">Mohammed Javeed Zaki.</subfield>
          </datafield>
          <datafield ind1=" " ind2=" " tag="260">
            <subfield code="b">University of Rochester. Computer Science Department., </subfield>
            <subfield code="c">1996.</subfield>
          </datafield>
          <datafield ind1="1" ind2=" " tag="490">
            <subfield code="a">UR CSD;</subfield>
            <subfield code="v">TR617</subfield>
          </datafield>
          <datafield ind1="3" ind2=" " tag="520">
            <subfield code="a">Data mining is an emerging research area, whose goal is to extract significant patterns or interesting rules from large databases. High-level inference from large volumes of routine business data can provide valuable information to businesses, such as customer buying patterns, shelving criterion in supermarkets, and stock trends. However, many algorithms proposed for data mining of association rules make repeated passes over the database to determine the commonly occurring &lt;I&gt;itemsets&lt;/I&gt; (or set of items). For large databases, the I/O overhead in scanning the database can be extremely high.   In this paper we show that random sampling of transactions in the database is an effective method for finding association rules. Sampling can speed up the mining process by more than an order of magnitude by reducing I/O costs and drastically shrinking the number of transactions to be considered. We may also be able to make the sampled database resident in main-memory. Furthermore, we show that sampling can accurately represent the data patterns in the database with high confidence. We experimentally evaluate the effectiveness of sampling on three databases.</subfield>
          </datafield>
          <datafield ind1=" " ind2=" " tag="540">
            <subfield code="a">This item is protected by copyright, with all rights reserved.</subfield>
          </datafield>
          <datafield ind1=" " ind2=" " tag="653">
            <subfield code="a">data mining.</subfield>
          </datafield>
          <datafield ind1=" " ind2=" " tag="653">
            <subfield code="a">association rules.</subfield>
          </datafield>
          <datafield ind1=" " ind2=" " tag="653">
            <subfield code="a">random sampling.</subfield>
          </datafield>
          <datafield ind1=" " ind2=" " tag="653">
            <subfield code="a">Chernoff bounds.</subfield>
          </datafield>
          <datafield ind1="1" ind2=" " tag="700">
            <subfield code="a">Parthasarathy, Srinivasan.</subfield>
            <subfield code="4">aut</subfield>
          </datafield>
          <datafield ind1="1" ind2=" " tag="700">
            <subfield code="a">Li, Wei.</subfield>
            <subfield code="4">aut</subfield>
          </datafield>
          <datafield ind1="1" ind2=" " tag="700">
            <subfield code="a">Ogihara, Mitsunori,</subfield>
            <subfield code="d">1963-</subfield>
            <subfield code="4">aut</subfield>
          </datafield>
          <datafield ind1=" " ind2="0" tag="830">
            <subfield code="a">UR CSD;</subfield>
            <subfield code="v">TR617</subfield>
          </datafield>
          <datafield ind1="4" ind2="0" tag="856">
            <subfield code="u">http://hdl.handle.net/1953/491</subfield>
          </datafield>
        </record>
      </metadata>
    </record>