
    <record>
      <header>
        <identifier>oai:urresearch3.rochester.edu:351</identifier>
        <datestamp>2011-03-01T17:28:35Z</datestamp>
        <setSpec>3:97</setSpec>
      </header>
      <metadata>
        <record xmlns="http://www.loc.gov/MARC21/slim">
          <leader>00000 am a2200000Ka 4500</leader>
          <controlfield tag="006">m        d        </controlfield>
          <controlfield tag="007">cr||||||||||||</controlfield>
          <controlfield tag="008">      s1996            s           eng  </controlfield>
          <datafield ind1="1" ind2=" " tag="100">
            <subfield code="a">Li, Wei.</subfield>
            <subfield code="4">aut</subfield>
          </datafield>
          <datafield ind1="1" ind2="0" tag="245">
            <subfield code="a">Briki: A Flexible Java Compiler</subfield>
            <subfield code="h">[electronic resource] /</subfield>
            <subfield code="c">Wei Li.</subfield>
          </datafield>
          <datafield ind1=" " ind2=" " tag="260">
            <subfield code="b">University of Rochester. Computer Science Department., </subfield>
            <subfield code="c">1996.</subfield>
          </datafield>
          <datafield ind1="1" ind2=" " tag="490">
            <subfield code="a">UR CSD;</subfield>
            <subfield code="v">TR621</subfield>
          </datafield>
          <datafield ind1="3" ind2=" " tag="520">
            <subfield code="a">We present a Java compiler architecture which uses a unique combination of front- and back-ends to deliver great flexibility. Our compiler is designed to use the same optimization passes no matter which pair of front- and back-end is used.   The compiler can be configured as a traditional stand-alone compiler (which compiles Java source into Java bytecodes). Another configuration can be used as an on-the-fly optimizer (which optimizes applets as they are loaded from the network). We can also compile Java directly to native code, thus using Java as a replacement for one of the traditional programming languages. Other interesting setups are also possible.     This flexibility is achieved by using a common intermediate representation, JavaIR (Java Intermediate Representation). Multiple front-ends convert various input formats (Java source, bytecode) into JavaIR. Once represented as JavaIR an application can be transformed with any of the existing passes. The modified JavaIR form of an application can be written out in one of the supported output formats.     Although compilers with multiple front- and back-ends have already existed, our approach is unique in supporting high-level code transformations even on applications which are distributed without the source program. Since Briki is written in Java it can be easily integrated into any Java application (e.g., a WWW browser) which dynamically loads applets from the network to provide capabilities of on-the-fly optimization.</subfield>
          </datafield>
          <datafield ind1=" " ind2=" " tag="540">
            <subfield code="a">This item is protected by copyright, with all rights reserved.</subfield>
          </datafield>
          <datafield ind1=" " ind2=" " tag="653">
            <subfield code="a">compiler.</subfield>
          </datafield>
          <datafield ind1=" " ind2=" " tag="653">
            <subfield code="a">Briki.</subfield>
          </datafield>
          <datafield ind1=" " ind2=" " tag="653">
            <subfield code="a">JavaIR.</subfield>
          </datafield>
          <datafield ind1=" " ind2=" " tag="653">
            <subfield code="a">bytecode.</subfield>
          </datafield>
          <datafield ind1=" " ind2=" " tag="653">
            <subfield code="a">Java.</subfield>
          </datafield>
          <datafield ind1=" " ind2=" " tag="653">
            <subfield code="a">optimizations.</subfield>
          </datafield>
          <datafield ind1="1" ind2=" " tag="700">
            <subfield code="a">Cierniak, Michal.</subfield>
            <subfield code="4">aut</subfield>
          </datafield>
          <datafield ind1=" " ind2="0" tag="830">
            <subfield code="a">UR CSD;</subfield>
            <subfield code="v">TR621</subfield>
          </datafield>
          <datafield ind1="4" ind2="0" tag="856">
            <subfield code="u">http://hdl.handle.net/1953/493</subfield>
          </datafield>
        </record>
      </metadata>
    </record>