
    <record>
      <header>
        <identifier>oai:urresearch3.rochester.edu:353</identifier>
        <datestamp>2004-07-22T21:33:33Z</datestamp>
        <setSpec>25:63</setSpec>
      </header>
      <metadata>
        <record xmlns="http://www.loc.gov/MARC21/slim">
          <leader>00000 cm a2200000Ka 4500</leader>
          <controlfield tag="006">m        d        </controlfield>
          <controlfield tag="007">cr||||||||||||</controlfield>
          <controlfield tag="008">      s1910            s                </controlfield>
          <datafield ind1="3" ind2="2" tag="028">
            <subfield code="a">V.A. 3237 Breitkopf &amp; Ha&#x308;rtel</subfield>
          </datafield>
          <datafield ind1="2" ind2="2" tag="028">
            <subfield code="a">V.A. 3237 Breitkopf &amp; Ha&#x308;rtel</subfield>
          </datafield>
          <datafield ind1="3" ind2="0" tag="028">
            <subfield code="a">V.A. 3237 Breitkopf &amp; Ha&#x308;rtel</subfield>
          </datafield>
          <datafield ind1="0" ind2="0" tag="050">
            <subfield code="a">M219 .S28</subfield>
          </datafield>
          <datafield ind1="1" ind2=" " tag="100">
            <subfield code="a">Scalero, Rosario,</subfield>
            <subfield code="d">1870-1954.</subfield>
          </datafield>
          <datafield ind1="1" ind2="0" tag="245">
            <subfield code="a"> Sonate D moll fu&#x308;r Klavier und Violine. Op. 12.</subfield>
            <subfield code="h">[electronic resource] /</subfield>
            <subfield code="c">Rosario Scalero.</subfield>
          </datafield>
          <datafield ind1="3" ind2=" " tag="246">
            <subfield code="a"> Sonatas, violin, piano, op. 12, D minor</subfield>
          </datafield>
          <datafield ind1=" " ind2=" " tag="260">
            <subfield code="a">Leipzig :</subfield>
            <subfield code="b">Breitkopf &amp; Ha&#x308;rtel, </subfield>
            <subfield code="c">1910.</subfield>
          </datafield>
          <datafield ind1=" " ind2=" " tag="500">
            <subfield code="a">score and part. 31 cm.</subfield>
          </datafield>
          <datafield ind1=" " ind2=" " tag="538">
            <subfield code="a">System requirements: PDF viewer/reader.</subfield>
          </datafield>
          <datafield ind1=" " ind2=" " tag="540">
            <subfield code="a">This item is in the public domain.</subfield>
          </datafield>
          <datafield ind1=" " ind2=" " tag="653">
            <subfield code="a">Sonatas (Violin and piano) Scores and parts.</subfield>
          </datafield>
          <datafield ind1="4" ind2="0" tag="856">
            <subfield code="u">http://hdl.handle.net/1953/495</subfield>
          </datafield>
        </record>
      </metadata>
    </record>