
    <record>
      <header>
        <identifier>oai:urresearch3.rochester.edu:355</identifier>
        <datestamp>2011-03-01T17:28:35Z</datestamp>
        <setSpec>3:97</setSpec>
      </header>
      <metadata>
        <record xmlns="http://www.loc.gov/MARC21/slim">
          <leader>00000 am a2200000Ka 4500</leader>
          <controlfield tag="006">m        d        </controlfield>
          <controlfield tag="007">cr||||||||||||</controlfield>
          <controlfield tag="008">      s1996            s           eng  </controlfield>
          <datafield ind1="1" ind2=" " tag="100">
            <subfield code="a">Prakash, Ravi.</subfield>
            <subfield code="4">aut</subfield>
          </datafield>
          <datafield ind1="1" ind2="0" tag="245">
            <subfield code="a">Slotted-FIFO Channels for Asynchronous Distributed Systems</subfield>
            <subfield code="h">[electronic resource] /</subfield>
            <subfield code="c">Ravi Prakash.</subfield>
          </datafield>
          <datafield ind1=" " ind2=" " tag="260">
            <subfield code="b">University of Rochester. Computer Science Department., </subfield>
            <subfield code="c">1996.</subfield>
          </datafield>
          <datafield ind1="1" ind2=" " tag="490">
            <subfield code="a">UR CSD;</subfield>
            <subfield code="v">TR639</subfield>
          </datafield>
          <datafield ind1="3" ind2=" " tag="520">
            <subfield code="a">Communication protocols designed for database applications are not necessarily suitable for other applications, like multimedia communication, due to the former's requirement of reliable and ordered communication, and the latter's ability to withstand occasional losses and misordering of messages as long as real-time communication can be supported. This paper presents the slotted-FIFO communication protocol that supports communication primitives for the entire spectrum of reliability and ordering requirements of distributed applications: FIFO as well as non-FIFO, and reliable as well as unreliable communication. Hence, the slotted-FIFO protocol is suitable for multimedia applications like MPEG video transmission and video telephony, as well as non real-time distributed applications. The protocol is simple and has low overheads. As FIFO ordering is not required for all messages, message buffering requirements are considerably reduced. Also, message latencies are lower.</subfield>
          </datafield>
          <datafield ind1=" " ind2=" " tag="540">
            <subfield code="a">This item is protected by copyright, with all rights reserved.</subfield>
          </datafield>
          <datafield ind1=" " ind2=" " tag="653">
            <subfield code="a">reliable communication.</subfield>
          </datafield>
          <datafield ind1=" " ind2=" " tag="653">
            <subfield code="a">FIFO-transmission.</subfield>
          </datafield>
          <datafield ind1=" " ind2=" " tag="653">
            <subfield code="a">communication slots.</subfield>
          </datafield>
          <datafield ind1=" " ind2=" " tag="653">
            <subfield code="a">message ordering.</subfield>
          </datafield>
          <datafield ind1=" " ind2=" " tag="653">
            <subfield code="a">unreliable communication.</subfield>
          </datafield>
          <datafield ind1="1" ind2=" " tag="700">
            <subfield code="a">Baldoni, Roberto.</subfield>
            <subfield code="4">aut</subfield>
          </datafield>
          <datafield ind1="1" ind2=" " tag="700">
            <subfield code="a">Beraldi, Roberto.</subfield>
            <subfield code="4">aut</subfield>
          </datafield>
          <datafield ind1=" " ind2="0" tag="830">
            <subfield code="a">UR CSD;</subfield>
            <subfield code="v">TR639</subfield>
          </datafield>
          <datafield ind1="4" ind2="0" tag="856">
            <subfield code="u">http://hdl.handle.net/1953/497</subfield>
          </datafield>
        </record>
      </metadata>
    </record>