
    <record>
      <header>
        <identifier>oai:urresearch3.rochester.edu:356</identifier>
        <datestamp>2011-03-01T17:28:35Z</datestamp>
        <setSpec>3:97</setSpec>
      </header>
      <metadata>
        <record xmlns="http://www.loc.gov/MARC21/slim">
          <leader>00000 am a2200000Ka 4500</leader>
          <controlfield tag="006">m        d        </controlfield>
          <controlfield tag="007">cr||||||||||||</controlfield>
          <controlfield tag="008">      s1996            s           eng  </controlfield>
          <datafield ind1="1" ind2=" " tag="100">
            <subfield code="a">Li, Wei.</subfield>
            <subfield code="4">aut</subfield>
          </datafield>
          <datafield ind1="1" ind2="0" tag="245">
            <subfield code="a">Validity of Interprocedural Data Remapping</subfield>
            <subfield code="h">[electronic resource] /</subfield>
            <subfield code="c">Wei Li.</subfield>
          </datafield>
          <datafield ind1=" " ind2=" " tag="260">
            <subfield code="b">University of Rochester. Computer Science Department., </subfield>
            <subfield code="c">1996.</subfield>
          </datafield>
          <datafield ind1="1" ind2=" " tag="490">
            <subfield code="a">UR CSD;</subfield>
            <subfield code="v">TR642</subfield>
          </datafield>
          <datafield ind1="3" ind2=" " tag="520">
            <subfield code="a">Programming languages like Fortran or C define exactly the layout of array elements in memory. Programmers often use that definition to access the same memory via variables declared as arrays of different types. This is done, for instance, to access a slice of larger array or to access data as a linear array, so that subscript computation is simpler giving performance improvements on some architectures and allowing the use of single procedure to perform some operation (e.g., copying) on variables of different types. For many real programs this practice makes changing the layout of an array impossible without violating the semantics of the program since the same memory block may be accessed via a variable of a different type---such an access will now receive wrong array elements.   On the other hand, changing array layout is often necessary to obtain good parallel performance or even to improve sequential performance by providing better cache locality. The techniques that achieve that range from manually inserted array distribution directives to automatic compiler transformations.     Our paper demonstrates that the problem of changing array layouts in the presence of multiple variables of different types accessing the same memory can be solved with our algorithms for 1) detecting overlapping arrays, 2) using procedure cloning to reduce overlapping, 3) array type coercion, and 4) code structure recovery. We describe the algorithms used in our compiler and present experimental results showing speedups which are not possible with other techniques.</subfield>
          </datafield>
          <datafield ind1=" " ind2=" " tag="540">
            <subfield code="a">This item is protected by copyright, with all rights reserved.</subfield>
          </datafield>
          <datafield ind1=" " ind2=" " tag="653">
            <subfield code="a">array and code structure recovery.</subfield>
          </datafield>
          <datafield ind1=" " ind2=" " tag="653">
            <subfield code="a">interprocedural array remapping.</subfield>
          </datafield>
          <datafield ind1=" " ind2=" " tag="653">
            <subfield code="a">procedure cloning.</subfield>
          </datafield>
          <datafield ind1="1" ind2=" " tag="700">
            <subfield code="a">Cierniak, Michal.</subfield>
            <subfield code="4">aut</subfield>
          </datafield>
          <datafield ind1=" " ind2="0" tag="830">
            <subfield code="a">UR CSD;</subfield>
            <subfield code="v">TR642</subfield>
          </datafield>
          <datafield ind1="4" ind2="0" tag="856">
            <subfield code="u">http://hdl.handle.net/1953/498</subfield>
          </datafield>
        </record>
      </metadata>
    </record>