
    <record>
      <header>
        <identifier>oai:urresearch3.rochester.edu:357</identifier>
        <datestamp>2011-03-01T17:28:35Z</datestamp>
        <setSpec>3:97</setSpec>
      </header>
      <metadata>
        <record xmlns="http://www.loc.gov/MARC21/slim">
          <leader>00000 am a2200000Ka 4500</leader>
          <controlfield tag="006">m        d        </controlfield>
          <controlfield tag="007">cr||||||||||||</controlfield>
          <controlfield tag="008">      s1996            s           eng  </controlfield>
          <datafield ind1="1" ind2=" " tag="100">
            <subfield code="a">Kontothanassis, Leonidas I..</subfield>
            <subfield code="4">aut</subfield>
          </datafield>
          <datafield ind1="1" ind2="0" tag="245">
            <subfield code="a">VM-Based Shared Memory on Low-Latency, Remote-Memory-Access Networks</subfield>
            <subfield code="h">[electronic resource] /</subfield>
            <subfield code="c">Leonidas I. Kontothanassis.</subfield>
          </datafield>
          <datafield ind1=" " ind2=" " tag="260">
            <subfield code="b">University of Rochester. Computer Science Department., </subfield>
            <subfield code="c">1996.</subfield>
          </datafield>
          <datafield ind1="1" ind2=" " tag="490">
            <subfield code="a">UR CSD;</subfield>
            <subfield code="v">TR643</subfield>
          </datafield>
          <datafield ind1="3" ind2=" " tag="520">
            <subfield code="a">Recent technological advances have produced network interfaces that provide users with very low-latency access to the memory of remote machines. We examine the impact of such networks on the implementation and performance of software DSM. Specifically, we compare two DSM systems---Cashmere and TreadMarks---on a 32-processor DEC Alpha cluster connected by a Memory Channel network.   Both Cashmere and TreadMarks use virtual memory to maintain coherence on pages, and both use lazy, multi-writer release consistency. The systems differ dramatically, however, in the mechanisms used to track sharing information and to collect and merge concurrent updates to a page, with the result that Cashmere communicates much more frequently, and at a much finer grain.     Our principal conclusion is that low-latency networks make DSM based on fine-grain communication competitive with more coarse-grain approaches, but that further hardware improvements will be needed before such systems can provide consistently superior performance. In our experiments, Cashmere scales slightly better than TreadMarks for applications with fine-grain interleaving of accesses to shared data. At the same time, it is severely constrained by limitations of the current Memory Channel hardware. On average, performance is better for TreadMarks. Because most of its messages require remote processing, TreadMarks depends critically on the latency of interrupts: performance improves greatly when processors poll for messages.</subfield>
          </datafield>
          <datafield ind1=" " ind2=" " tag="540">
            <subfield code="a">This item is protected by copyright, with all rights reserved.</subfield>
          </datafield>
          <datafield ind1=" " ind2=" " tag="653">
            <subfield code="a">distributed shared memory.</subfield>
          </datafield>
          <datafield ind1=" " ind2=" " tag="653">
            <subfield code="a">memory-mapped network interface.</subfield>
          </datafield>
          <datafield ind1=" " ind2=" " tag="653">
            <subfield code="a">Cashmere.</subfield>
          </datafield>
          <datafield ind1=" " ind2=" " tag="653">
            <subfield code="a">TreadMarks.</subfield>
          </datafield>
          <datafield ind1="1" ind2=" " tag="700">
            <subfield code="a">Parthasarathy, Srinivasan.</subfield>
            <subfield code="4">aut</subfield>
          </datafield>
          <datafield ind1="1" ind2=" " tag="700">
            <subfield code="a">Meira Jr., Wagner.</subfield>
            <subfield code="4">aut</subfield>
          </datafield>
          <datafield ind1="1" ind2=" " tag="700">
            <subfield code="a">Dwarkadas, Sandhya.</subfield>
            <subfield code="4">aut</subfield>
          </datafield>
          <datafield ind1="1" ind2=" " tag="700">
            <subfield code="a">Scott, Michael Lee,</subfield>
            <subfield code="d">1959-</subfield>
            <subfield code="4">aut</subfield>
          </datafield>
          <datafield ind1="1" ind2=" " tag="700">
            <subfield code="a">Hunt, Galen C..</subfield>
            <subfield code="4">aut</subfield>
          </datafield>
          <datafield ind1="1" ind2=" " tag="700">
            <subfield code="a">Stets, Robert J..</subfield>
            <subfield code="4">aut</subfield>
          </datafield>
          <datafield ind1="1" ind2=" " tag="700">
            <subfield code="a">Hardavellas, Nikolaos.</subfield>
            <subfield code="4">aut</subfield>
          </datafield>
          <datafield ind1="1" ind2=" " tag="700">
            <subfield code="a">Cierniak, Michal.</subfield>
            <subfield code="4">aut</subfield>
          </datafield>
          <datafield ind1=" " ind2="0" tag="830">
            <subfield code="a">UR CSD;</subfield>
            <subfield code="v">TR643</subfield>
          </datafield>
          <datafield ind1="4" ind2="0" tag="856">
            <subfield code="u">http://hdl.handle.net/1953/499</subfield>
          </datafield>
        </record>
      </metadata>
    </record>