
    <record>
      <header>
        <identifier>oai:urresearch3.rochester.edu:358</identifier>
        <datestamp>2011-03-01T17:28:35Z</datestamp>
        <setSpec>3:97</setSpec>
      </header>
      <metadata>
        <record xmlns="http://www.loc.gov/MARC21/slim">
          <leader>00000 am a2200000Ka 4500</leader>
          <controlfield tag="006">m        d        </controlfield>
          <controlfield tag="007">cr||||||||||||</controlfield>
          <controlfield tag="008">      s1997            s           eng  </controlfield>
          <datafield ind1="1" ind2=" " tag="100">
            <subfield code="a">Scott, Michael Lee,</subfield>
            <subfield code="d">1959-</subfield>
            <subfield code="4">aut</subfield>
          </datafield>
          <datafield ind1="1" ind2="0" tag="245">
            <subfield code="a">Coign: Efficient Instrumentation for Inter-Component Communication Analysis</subfield>
            <subfield code="h">[electronic resource] /</subfield>
            <subfield code="c">Michael Lee Scott.</subfield>
          </datafield>
          <datafield ind1=" " ind2=" " tag="260">
            <subfield code="b">University of Rochester. Computer Science Department., </subfield>
            <subfield code="c">1997.</subfield>
          </datafield>
          <datafield ind1="1" ind2=" " tag="490">
            <subfield code="a">UR CSD;</subfield>
            <subfield code="v">TR648</subfield>
          </datafield>
          <datafield ind1="3" ind2=" " tag="520">
            <subfield code="a">Object systems, such as COM, promise to greatly simplify application development through the reuse of "black-box" components. Unfortunately, opaque components create new challenges to understanding application performance, behavior and structure. We propose a conceptual framework, inter-component communication analysis (ICCA), for understanding and exploring the structure of component applications. ICCA models an application as a graph with vertices representing components and edges representing communication links and instantiation relationships between components . Communication edges are labeled with the amount of communication that would cross the interface if the connected components were located in separate address spaces. We describe the Coign runtime system for gathering the data necessary to create the ICCA graph. Coign is distinctive in that it creates the entire ICCA graph using only application binaries. It can in fact be used on components lacking source code. Quantifying inter-component communication is vital to understanding and exploiting the architecture of component applications. We demonstrate the use of ICCA and Coign to determine an optimal distribution of a component application across a network. ICCA helps programmers by providing important information about the application at exactly the level needed: the level of component composition.</subfield>
          </datafield>
          <datafield ind1=" " ind2=" " tag="540">
            <subfield code="a">This item is protected by copyright, with all rights reserved.</subfield>
          </datafield>
          <datafield ind1=" " ind2=" " tag="653">
            <subfield code="a">distributed applications.</subfield>
          </datafield>
          <datafield ind1=" " ind2=" " tag="653">
            <subfield code="a">Coign.</subfield>
          </datafield>
          <datafield ind1=" " ind2=" " tag="653">
            <subfield code="a">component placement.</subfield>
          </datafield>
          <datafield ind1=" " ind2=" " tag="653">
            <subfield code="a">inter-component communication analysis (ICCA).</subfield>
          </datafield>
          <datafield ind1=" " ind2=" " tag="653">
            <subfield code="a">component software.</subfield>
          </datafield>
          <datafield ind1=" " ind2=" " tag="653">
            <subfield code="a">groupware.</subfield>
          </datafield>
          <datafield ind1="1" ind2=" " tag="700">
            <subfield code="a">Hunt, Galen C..</subfield>
            <subfield code="4">aut</subfield>
          </datafield>
          <datafield ind1=" " ind2="0" tag="830">
            <subfield code="a">UR CSD;</subfield>
            <subfield code="v">TR648</subfield>
          </datafield>
          <datafield ind1="4" ind2="0" tag="856">
            <subfield code="u">http://hdl.handle.net/1953/504</subfield>
          </datafield>
        </record>
      </metadata>
    </record>