
    <record>
      <header>
        <identifier>oai:urresearch3.rochester.edu:359</identifier>
        <datestamp>2011-03-01T17:28:35Z</datestamp>
        <setSpec>3:97</setSpec>
      </header>
      <metadata>
        <record xmlns="http://www.loc.gov/MARC21/slim">
          <leader>00000 am a2200000Ka 4500</leader>
          <controlfield tag="006">m        d        </controlfield>
          <controlfield tag="007">cr||||||||||||</controlfield>
          <controlfield tag="008">      s1997            s           eng  </controlfield>
          <datafield ind1="1" ind2=" " tag="100">
            <subfield code="a">Singhal, Mukesh.</subfield>
            <subfield code="4">aut</subfield>
          </datafield>
          <datafield ind1="1" ind2="0" tag="245">
            <subfield code="a">Dynamic Hashing + Quorum = Efficient Location Management for Mobile Computing Systems</subfield>
            <subfield code="h">[electronic resource] /</subfield>
            <subfield code="c">Mukesh Singhal.</subfield>
          </datafield>
          <datafield ind1=" " ind2=" " tag="260">
            <subfield code="b">University of Rochester. Computer Science Department., </subfield>
            <subfield code="c">1997.</subfield>
          </datafield>
          <datafield ind1="1" ind2=" " tag="490">
            <subfield code="a">UR CSD;</subfield>
            <subfield code="v">TR649</subfield>
          </datafield>
          <datafield ind1="3" ind2=" " tag="520">
            <subfield code="a">Location management is a fundamental problem in mobile computing systems. Existing industry standards employ centralized location management schemes. Centralized schemes are not highly scalable. This paper presents a new, distributed location management strategy for mobile systems. Its salient features are fast location update and query, load balancing among location servers, and scalability. The strategy employs dynamic hashing techniques and quorums to manage location update and query operations. Location information of a mobile host is replicated at a subset of location servers. The set of location servers associated with a mobile host changes with time, depending on the location of mobile hosts and load on the servers. This dynamism prevents situations of heavy load (location update and query messages) on some location servers when the mobile hosts are not uniformly distributed in space, or when some mobile hosts have their location updated or queried more often than others. New location servers can be added to the system as the number of mobile hosts and/or location update and query rates increase. Also, if the load diminishes, the number of location servers in the system can be reduced. Tries and quorum systems are used to expand and shrink the number of location servers. Unlike several existing schemes that progressively expand their region of search and may require multiple rounds of messages to locate a mobile host, the proposed scheme requires a single round of message multicasting for location update and query operations. The size of the multicast set is proportional to the square root of the number of location servers and each message has a small size. All multicast messages are resetricted to the high bandwidth wired part of the mobile network. Hence, communication overhead and latency are low. The storage overheads imposed on the location servers are nominal.</subfield>
          </datafield>
          <datafield ind1=" " ind2=" " tag="540">
            <subfield code="a">This item is protected by copyright, with all rights reserved.</subfield>
          </datafield>
          <datafield ind1=" " ind2=" " tag="653">
            <subfield code="a">location management.</subfield>
          </datafield>
          <datafield ind1=" " ind2=" " tag="653">
            <subfield code="a">tries.</subfield>
          </datafield>
          <datafield ind1=" " ind2=" " tag="653">
            <subfield code="a">quorum systems.</subfield>
          </datafield>
          <datafield ind1=" " ind2=" " tag="653">
            <subfield code="a">mobile computing.</subfield>
          </datafield>
          <datafield ind1=" " ind2=" " tag="653">
            <subfield code="a">dynamic hashing.</subfield>
          </datafield>
          <datafield ind1="1" ind2=" " tag="700">
            <subfield code="a">Prakash, Ravi.</subfield>
            <subfield code="4">aut</subfield>
          </datafield>
          <datafield ind1=" " ind2="0" tag="830">
            <subfield code="a">UR CSD;</subfield>
            <subfield code="v">TR649</subfield>
          </datafield>
          <datafield ind1="4" ind2="0" tag="856">
            <subfield code="u">http://hdl.handle.net/1953/500</subfield>
          </datafield>
        </record>
      </metadata>
    </record>