
    <record>
      <header>
        <identifier>oai:urresearch3.rochester.edu:360</identifier>
        <datestamp>2011-03-01T17:28:35Z</datestamp>
        <setSpec>3:97</setSpec>
      </header>
      <metadata>
        <record xmlns="http://www.loc.gov/MARC21/slim">
          <leader>00000 am a2200000Ka 4500</leader>
          <controlfield tag="006">m        d        </controlfield>
          <controlfield tag="007">cr||||||||||||</controlfield>
          <controlfield tag="008">      s1997            s           eng  </controlfield>
          <datafield ind1="1" ind2=" " tag="100">
            <subfield code="a">Zaki, Mohammed Javeed.</subfield>
            <subfield code="4">aut</subfield>
          </datafield>
          <datafield ind1="1" ind2="0" tag="245">
            <subfield code="a">New Algorithms for Fast Discovery of Association Rules</subfield>
            <subfield code="h">[electronic resource] /</subfield>
            <subfield code="c">Mohammed Javeed Zaki.</subfield>
          </datafield>
          <datafield ind1=" " ind2=" " tag="260">
            <subfield code="b">University of Rochester. Computer Science Department., </subfield>
            <subfield code="c">1997.</subfield>
          </datafield>
          <datafield ind1="1" ind2=" " tag="490">
            <subfield code="a">UR CSD;</subfield>
            <subfield code="v">TR651</subfield>
          </datafield>
          <datafield ind1="3" ind2=" " tag="520">
            <subfield code="a">Association rule discovery has emerged as an important problem in knowledge discovery and data mining. The association mining task consists of identifying the frequent itemsets, and then forming conditional implication rules among them. In this paper we present efficient algorithms for the discovery of frequent itemsets, which forms the compute intensive phase of the task. The algorithms utilize the structural properties of frequent itemsets to facilitate fast discovery. The related database items are grouped together into clusters representing the potential maximal frequent itemsets in the database. Each cluster induces a sub-lattice of the itemset lattice. Efficient lattice traversal techniques are presented, which quickly identify all the true maximal frequent itemsets, and all their subsets if desired. We also present the effect of using different database layout schemes combined with the proposed clustering and traversal techniques. The proposed algorithms scan a (pre-processed) database only once, addressing the open question in association mining, whether all the rules can be efficiently extracted in a single database pass. We experimentally compare the new algorithms against the previous approaches, obtaining improvements of more than an order of magnitude for our test databases.</subfield>
          </datafield>
          <datafield ind1=" " ind2=" " tag="540">
            <subfield code="a">This item is protected by copyright, with all rights reserved.</subfield>
          </datafield>
          <datafield ind1=" " ind2=" " tag="653">
            <subfield code="a">frequent itemsets.</subfield>
          </datafield>
          <datafield ind1=" " ind2=" " tag="653">
            <subfield code="a">association rules.</subfield>
          </datafield>
          <datafield ind1=" " ind2=" " tag="653">
            <subfield code="a">knowledge discovery and data mining.</subfield>
          </datafield>
          <datafield ind1=" " ind2=" " tag="653">
            <subfield code="a">parallel algorithms.</subfield>
          </datafield>
          <datafield ind1=" " ind2=" " tag="653">
            <subfield code="a">maximal hypergraph cliques.</subfield>
          </datafield>
          <datafield ind1=" " ind2=" " tag="653">
            <subfield code="a">lattice traversals.</subfield>
          </datafield>
          <datafield ind1="1" ind2=" " tag="700">
            <subfield code="a">Parthasarathy, Srinivasan.</subfield>
            <subfield code="4">aut</subfield>
          </datafield>
          <datafield ind1="1" ind2=" " tag="700">
            <subfield code="a">Ogihara, Mitsunori,</subfield>
            <subfield code="d">1963-</subfield>
            <subfield code="4">aut</subfield>
          </datafield>
          <datafield ind1="1" ind2=" " tag="700">
            <subfield code="a">Li, Wei.</subfield>
            <subfield code="4">aut</subfield>
          </datafield>
          <datafield ind1=" " ind2="0" tag="830">
            <subfield code="a">UR CSD;</subfield>
            <subfield code="v">TR651</subfield>
          </datafield>
          <datafield ind1="4" ind2="0" tag="856">
            <subfield code="u">http://hdl.handle.net/1953/501</subfield>
          </datafield>
        </record>
      </metadata>
    </record>