
    <record>
      <header>
        <identifier>oai:urresearch3.rochester.edu:361</identifier>
        <datestamp>2011-03-01T17:28:35Z</datestamp>
        <setSpec>3:97</setSpec>
      </header>
      <metadata>
        <record xmlns="http://www.loc.gov/MARC21/slim">
          <leader>00000 am a2200000Ka 4500</leader>
          <controlfield tag="006">m        d        </controlfield>
          <controlfield tag="007">cr||||||||||||</controlfield>
          <controlfield tag="008">      s1997            s           eng  </controlfield>
          <datafield ind1="1" ind2=" " tag="100">
            <subfield code="a">Parthasarathy, Srinivasan.</subfield>
            <subfield code="4">aut</subfield>
          </datafield>
          <datafield ind1="1" ind2="0" tag="245">
            <subfield code="a">Custom Memory Placement for Parallel Data Mining</subfield>
            <subfield code="h">[electronic resource] /</subfield>
            <subfield code="c">Srinivasan Parthasarathy.</subfield>
          </datafield>
          <datafield ind1=" " ind2=" " tag="260">
            <subfield code="b">University of Rochester. Computer Science Department., </subfield>
            <subfield code="c">1997.</subfield>
          </datafield>
          <datafield ind1="1" ind2=" " tag="490">
            <subfield code="a">UR CSD;</subfield>
            <subfield code="v">TR653</subfield>
          </datafield>
          <datafield ind1="3" ind2=" " tag="520">
            <subfield code="a">A lot of data mining tasks, such as Associations, Sequences, and Classification, use complex pointer-based data structures that typically suffer from sub-optimal locality. In the multi-processor case shared access to these data structures may also result in false-sharing. Most of the optimization techniques for enhancing locality and reducing false sharing have been proposed in the context of numeric applications involving array-based data structures, and are not applicable for dynamic data structures due to dynamic memory allocation from the heap with arbitrary addresses.   Within the context of data mining it is commonly observed that the building phase of these large recursive data structures, such as hash trees and decision trees, is random and independent from the access phase which is usually ordered and typically dominates the computation time. In such cases locality and false sharing sensitive memory placement of these structures can enhance performance significantly. We evaluate a set of placement policies over a representive data mining application (association rule discovery) and show that simple placement schemes can improve execution time by more than a factor of two. More complex schemes yield an additional 5-20% gain.</subfield>
          </datafield>
          <datafield ind1=" " ind2=" " tag="540">
            <subfield code="a">This item is protected by copyright, with all rights reserved.</subfield>
          </datafield>
          <datafield ind1=" " ind2=" " tag="653">
            <subfield code="a">knowledge discovery.</subfield>
          </datafield>
          <datafield ind1=" " ind2=" " tag="653">
            <subfield code="a">data mining.</subfield>
          </datafield>
          <datafield ind1=" " ind2=" " tag="653">
            <subfield code="a">association rules.</subfield>
          </datafield>
          <datafield ind1=" " ind2=" " tag="653">
            <subfield code="a">memory placement.</subfield>
          </datafield>
          <datafield ind1=" " ind2=" " tag="653">
            <subfield code="a">memory allocation.</subfield>
          </datafield>
          <datafield ind1=" " ind2=" " tag="653">
            <subfield code="a">improving locality.</subfield>
          </datafield>
          <datafield ind1=" " ind2=" " tag="653">
            <subfield code="a">reducing false sharing.</subfield>
          </datafield>
          <datafield ind1=" " ind2=" " tag="653">
            <subfield code="a">dynamic data structures.</subfield>
          </datafield>
          <datafield ind1=" " ind2=" " tag="653">
            <subfield code="a">hash tree.</subfield>
          </datafield>
          <datafield ind1="1" ind2=" " tag="700">
            <subfield code="a">Zaki, Mohammed Javeed.</subfield>
            <subfield code="4">aut</subfield>
          </datafield>
          <datafield ind1="1" ind2=" " tag="700">
            <subfield code="a">Li, Wei.</subfield>
            <subfield code="4">aut</subfield>
          </datafield>
          <datafield ind1=" " ind2="0" tag="830">
            <subfield code="a">UR CSD;</subfield>
            <subfield code="v">TR653</subfield>
          </datafield>
          <datafield ind1="4" ind2="0" tag="856">
            <subfield code="u">http://hdl.handle.net/1953/502</subfield>
          </datafield>
        </record>
      </metadata>
    </record>