
    <record>
      <header>
        <identifier>oai:urresearch3.rochester.edu:364</identifier>
        <datestamp>2004-07-23T18:25:41Z</datestamp>
        <setSpec>18:126</setSpec>
      </header>
      <metadata>
        <record xmlns="http://www.loc.gov/MARC21/slim">
          <leader>00000 am a2200000Ka 4500</leader>
          <controlfield tag="006">m        d        </controlfield>
          <controlfield tag="007">cr||||||||||||</controlfield>
          <controlfield tag="008">      s2002            s           eng  </controlfield>
          <datafield ind1="1" ind2=" " tag="100">
            <subfield code="a">Hoskins, Lee.</subfield>
            <subfield code="4">aut</subfield>
          </datafield>
          <datafield ind1="1" ind2="0" tag="245">
            <subfield code="a">Fed Governance</subfield>
            <subfield code="h">[electronic resource] /</subfield>
            <subfield code="c">Lee Hoskins.</subfield>
          </datafield>
          <datafield ind1=" " ind2=" " tag="260">
            <subfield code="a">Bradley Policy Research Center :</subfield>
            <subfield code="b">William E. Simon Graduate School of Business Administration, University of Rochester, </subfield>
            <subfield code="c">2002.</subfield>
          </datafield>
          <datafield ind1="1" ind2=" " tag="490">
            <subfield code="a">PPS;</subfield>
            <subfield code="v">02-1</subfield>
          </datafield>
          <datafield ind1="3" ind2=" " tag="520">
            <subfield code="a">The Enron debacle has produced an out-pouring of soul-searching by  Congress and the media about the state of corporate governance and remedies  for perceived ills. While this dithering continues, corporate boards and CEOs as  well as their accountants and lawyers already are reacting to pressures in the  marketplace for more transparency in financial practices and accounting. To the  extent such information is sought by investors, corporations with clear and  informative financial reports along with corporate structures with clear business  purposes will receive a premium in equities markets relative to those with  obscure or misleading reports and complicated corporate structures with no  obvious business purpose. Excesses in the private sector are policed and  ultimately corrected by market forces, just ask Enron.&lt;br&gt;&lt;br&gt;  The Federal Reserve is largely immune to such self-corrective forces thus, in  this post Enron environment, now is an appropriate time for officers, directors  and governors of the Fed to examine their practices with an eye towards  improving transparency and public understanding of Fed operations. The Fed's  responsibilities for monetary policy, financial stability, and its own operations    could be productive areas of examination and helpful in avoiding potential  Fedrons.</subfield>
          </datafield>
          <datafield ind1=" " ind2=" " tag="524">
            <subfield code="a">http://www.somc.rochester.edu/Apr02/Hoskins.pdf</subfield>
          </datafield>
          <datafield ind1=" " ind2=" " tag="538">
            <subfield code="a">System requirements: PDF viewer/reader.</subfield>
          </datafield>
          <datafield ind1=" " ind2=" " tag="540">
            <subfield code="a">This item is protected by copyright, with all rights reserved.</subfield>
          </datafield>
          <datafield ind1=" " ind2=" " tag="653">
            <subfield code="a">economic policy.</subfield>
          </datafield>
          <datafield ind1=" " ind2=" " tag="653">
            <subfield code="a">Federal Reserve.</subfield>
          </datafield>
          <datafield ind1=" " ind2="0" tag="830">
            <subfield code="a">PPS;</subfield>
            <subfield code="v">02-1</subfield>
          </datafield>
          <datafield ind1="4" ind2="0" tag="856">
            <subfield code="u">http://hdl.handle.net/1953/508</subfield>
          </datafield>
        </record>
      </metadata>
    </record>