
    <record>
      <header>
        <identifier>oai:urresearch3.rochester.edu:365</identifier>
        <datestamp>2004-07-23T18:27:43Z</datestamp>
        <setSpec>18:126</setSpec>
      </header>
      <metadata>
        <record xmlns="http://www.loc.gov/MARC21/slim">
          <leader>00000 am a2200000Ka 4500</leader>
          <controlfield tag="006">m        d        </controlfield>
          <controlfield tag="007">cr||||||||||||</controlfield>
          <controlfield tag="008">      s2002            s           eng  </controlfield>
          <datafield ind1="1" ind2=" " tag="100">
            <subfield code="a">Levy, Mickey D..</subfield>
            <subfield code="4">aut</subfield>
          </datafield>
          <datafield ind1="1" ind2="0" tag="245">
            <subfield code="a">Healthy Economic Recovery and Rising Real Interest Rates</subfield>
            <subfield code="h">[electronic resource] /</subfield>
            <subfield code="c">Mickey D. Levy.</subfield>
          </datafield>
          <datafield ind1=" " ind2=" " tag="260">
            <subfield code="a">Bradley Policy Research Center :</subfield>
            <subfield code="b">William E. Simon Graduate School of Business Administration, University of Rochester, </subfield>
            <subfield code="c">2002.</subfield>
          </datafield>
          <datafield ind1="1" ind2=" " tag="490">
            <subfield code="a">PPS;</subfield>
            <subfield code="v">02-1</subfield>
          </datafield>
          <datafield ind1="3" ind2=" " tag="520">
            <subfield code="a">At the last SOMC meeting in mid-October 2001, amid the post-terrorist attack recessionary  environment, my forecast was decidedly contrarian and upbeat: "Aggressively stimulative monetary  and fiscal policies point toward rebound&#x2026;The result will be a V-shaped pattern in economic  performance," and cautioned that the Federal Reserve's dramatic easing "eventua lly must be reversed  to avoid long-run inflation risks." Indeed, the underlying structure of the economy has proved  sound, and the combination of assertive countercyclical economic policies and rapid private  adjustments has generated a healthy and rather typical rebound that is expected to gather steam in  2002. Real GDP growth is projected to far exceed its sustainable trend, which raises real interest  rates, and nominal GDP growth is projected to accelerate well-above productive capacity, which  potentially rekindles inflation pressures. The Fed must promptly raise short-term interest rates.  Failure to do so on a timely basis risks exacerbating future swings in interest rates and nominal  aggregate demand, generating more erratic economic performance.</subfield>
          </datafield>
          <datafield ind1=" " ind2=" " tag="524">
            <subfield code="a">http://www.somc.rochester.edu/Apr02/Levy402.pdf</subfield>
          </datafield>
          <datafield ind1=" " ind2=" " tag="538">
            <subfield code="a">System requirements: PDF viewer/reader.</subfield>
          </datafield>
          <datafield ind1=" " ind2=" " tag="540">
            <subfield code="a">This item is protected by copyright, with all rights reserved.</subfield>
          </datafield>
          <datafield ind1=" " ind2=" " tag="653">
            <subfield code="a">economic policy.</subfield>
          </datafield>
          <datafield ind1=" " ind2=" " tag="653">
            <subfield code="a">interest rates.</subfield>
          </datafield>
          <datafield ind1=" " ind2="0" tag="830">
            <subfield code="a">PPS;</subfield>
            <subfield code="v">02-1</subfield>
          </datafield>
          <datafield ind1="4" ind2="0" tag="856">
            <subfield code="u">http://hdl.handle.net/1953/509</subfield>
          </datafield>
        </record>
      </metadata>
    </record>