
    <record>
      <header>
        <identifier>oai:urresearch3.rochester.edu:366</identifier>
        <datestamp>2004-07-23T18:30:20Z</datestamp>
        <setSpec>18:126</setSpec>
      </header>
      <metadata>
        <record xmlns="http://www.loc.gov/MARC21/slim">
          <leader>00000 am a2200000Ka 4500</leader>
          <controlfield tag="006">m        d        </controlfield>
          <controlfield tag="007">cr||||||||||||</controlfield>
          <controlfield tag="008">      s2002            s           eng  </controlfield>
          <datafield ind1="1" ind2=" " tag="100">
            <subfield code="a">McCallum, Bennett T..</subfield>
            <subfield code="4">aut</subfield>
          </datafield>
          <datafield ind1="1" ind2="0" tag="245">
            <subfield code="a">Wall Street Journal Position on Exchange Rates</subfield>
            <subfield code="h">[electronic resource] /</subfield>
            <subfield code="c">Bennett T. McCallum.</subfield>
          </datafield>
          <datafield ind1=" " ind2=" " tag="260">
            <subfield code="a">Bradley Policy Research Center :</subfield>
            <subfield code="b">William E. Simon Graduate School of Business Administration, University of Rochester, </subfield>
            <subfield code="c">2002.</subfield>
          </datafield>
          <datafield ind1="1" ind2=" " tag="490">
            <subfield code="a">PPS;</subfield>
            <subfield code="v">02-1</subfield>
          </datafield>
          <datafield ind1="3" ind2=" " tag="520">
            <subfield code="a">The SOMC is a collection of individuals, so we do not always agree fully on all  issues. There are certain similarities of viewpoint across individuals, however, that give a  recognizable flavor to most of the committee's analyses and positions. Three leading  examples are beliefs that governmental interference with market allocations is often harmful,  that inflation rates should be kept low&#x2014;close to zero when correctly measured&#x2014;and that  inflation rates are determined primarily by central-banks' monetary policy stances. In  addition, the writings of the SOMC have, over the years, exhibited a fairly consistent leaning  toward the position that floating exchange-rate arrangements are often preferable (for major  economies) to exchange-rate values set by central-bank or government actions at specified  par values&#x2014;or even ones fixed more firmly by (e.g.) currency-board arrangements.&lt;br&gt;&lt;br&gt;  The Wall Street Journal is an important newspaper that similarly features writings by  a number of individuals in various capacities, but whose editorial and op-ed writings convey  a reasonably consistent position on many economic issues. Among these, it seems, are  preferences for minimal amounts of government regulation of markets and near-zero  inflation, together with an assignment of inflation responsibility to monetary policy. Thus  the Wall Street Journal (henceforth, WSJ) positions on inflation and market regulations are  broadly similar to those of the SOMC.</subfield>
          </datafield>
          <datafield ind1=" " ind2=" " tag="524">
            <subfield code="a">http://www.somc.rochester.edu/Apr02/McCallum.pdf</subfield>
          </datafield>
          <datafield ind1=" " ind2=" " tag="538">
            <subfield code="a">System requirements: PDF viewer/reader.</subfield>
          </datafield>
          <datafield ind1=" " ind2=" " tag="540">
            <subfield code="a">This item is protected by copyright, with all rights reserved.</subfield>
          </datafield>
          <datafield ind1=" " ind2=" " tag="653">
            <subfield code="a">economic policy.</subfield>
          </datafield>
          <datafield ind1=" " ind2=" " tag="653">
            <subfield code="a">Wall Street Journal.</subfield>
          </datafield>
          <datafield ind1=" " ind2=" " tag="653">
            <subfield code="a">exchange rates.</subfield>
          </datafield>
          <datafield ind1=" " ind2="0" tag="830">
            <subfield code="a">PPS;</subfield>
            <subfield code="v">02-1</subfield>
          </datafield>
          <datafield ind1="4" ind2="0" tag="856">
            <subfield code="u">http://hdl.handle.net/1953/510</subfield>
          </datafield>
        </record>
      </metadata>
    </record>