
    <record>
      <header>
        <identifier>oai:urresearch3.rochester.edu:367</identifier>
        <datestamp>2004-07-23T18:32:57Z</datestamp>
        <setSpec>18:126</setSpec>
      </header>
      <metadata>
        <record xmlns="http://www.loc.gov/MARC21/slim">
          <leader>00000 am a2200000Ka 4500</leader>
          <controlfield tag="006">m        d        </controlfield>
          <controlfield tag="007">cr||||||||||||</controlfield>
          <controlfield tag="008">      s2002            s           eng  </controlfield>
          <datafield ind1="1" ind2=" " tag="100">
            <subfield code="a">Schwartz, Anna J..</subfield>
            <subfield code="4">aut</subfield>
          </datafield>
          <datafield ind1="1" ind2="0" tag="245">
            <subfield code="a">Monetary Policy Coming Out of Recession</subfield>
            <subfield code="h">[electronic resource] /</subfield>
            <subfield code="c">Anna J. Schwartz.</subfield>
          </datafield>
          <datafield ind1=" " ind2=" " tag="260">
            <subfield code="a">Bradley Policy Research Center :</subfield>
            <subfield code="b">William E. Simon Graduate School of Business Administration, University of Rochester, </subfield>
            <subfield code="c">2002.</subfield>
          </datafield>
          <datafield ind1="1" ind2=" " tag="490">
            <subfield code="a">PPS;</subfield>
            <subfield code="v">02-1</subfield>
          </datafield>
          <datafield ind1="3" ind2=" " tag="520">
            <subfield code="a">Since 1959 the U. S. has experienced six recessions, not counting the recession that  began, according to the National Bureau of Economic Research, in March 2001. If the date the  latest recession ended is taken to be 12/01, in line with Chairman Greenspan's testimony on  March 7, 2002, that recovery is well under way, we can count a seventh recession since 1959. It  is timely therefore to examine the part played by monetary policy in the past in the aftermath of  recession as a guideline on what to expect in the current episode.&lt;br&gt;&lt;br&gt;  In this examination I use two indicators of Federal Reserve policy. One is the nominal  federal funds rate, the instrument the Fed relies on to conduct monetary policy. The second is the  nominal monetary base &#x2013; the sum of currency and bank reserves at Federal Reserve banks &#x2013; the  quantity that changes in response to movements in the federal funds rate. The Fed does not  attempt, however, to control the monetary base. In an appendix I also refer to real values of the  two indicators, but here I limit the discussion to their nominal values, beginning with the fed  funds rate.</subfield>
          </datafield>
          <datafield ind1=" " ind2=" " tag="524">
            <subfield code="a">http://www.somc.rochester.edu/Apr02/Schwartz.pdf</subfield>
          </datafield>
          <datafield ind1=" " ind2=" " tag="538">
            <subfield code="a">System requirements: PDF viewer/reader.</subfield>
          </datafield>
          <datafield ind1=" " ind2=" " tag="540">
            <subfield code="a">This item is protected by copyright, with all rights reserved.</subfield>
          </datafield>
          <datafield ind1=" " ind2=" " tag="653">
            <subfield code="a">economic policy.</subfield>
          </datafield>
          <datafield ind1=" " ind2=" " tag="653">
            <subfield code="a">monetary policy.</subfield>
          </datafield>
          <datafield ind1=" " ind2=" " tag="653">
            <subfield code="a">recession.</subfield>
          </datafield>
          <datafield ind1=" " ind2="0" tag="830">
            <subfield code="a">PPS;</subfield>
            <subfield code="v">02-1</subfield>
          </datafield>
          <datafield ind1="4" ind2="0" tag="856">
            <subfield code="u">http://hdl.handle.net/1953/511</subfield>
          </datafield>
        </record>
      </metadata>
    </record>