
    <record>
      <header>
        <identifier>oai:urresearch3.rochester.edu:368</identifier>
        <datestamp>2004-07-23T18:37:08Z</datestamp>
        <setSpec>18:126</setSpec>
      </header>
      <metadata>
        <record xmlns="http://www.loc.gov/MARC21/slim">
          <leader>00000 am a2200000Ka 4500</leader>
          <controlfield tag="006">m        d        </controlfield>
          <controlfield tag="007">cr||||||||||||</controlfield>
          <controlfield tag="008">      s2002            s           eng  </controlfield>
          <datafield ind1="1" ind2=" " tag="100">
            <subfield code="a">Stockman, Alan C..</subfield>
            <subfield code="4">aut</subfield>
          </datafield>
          <datafield ind1="1" ind2="0" tag="245">
            <subfield code="a">Government and Corporate Governance in a Free Society</subfield>
            <subfield code="h">[electronic resource] /</subfield>
            <subfield code="c">Alan C. Stockman.</subfield>
          </datafield>
          <datafield ind1=" " ind2=" " tag="260">
            <subfield code="a">Bradley Policy Research Center :</subfield>
            <subfield code="b">William E. Simon Graduate School of Business Administration, University of Rochester, </subfield>
            <subfield code="c">2002.</subfield>
          </datafield>
          <datafield ind1="1" ind2=" " tag="490">
            <subfield code="a">PPS;</subfield>
            <subfield code="v">02-1</subfield>
          </datafield>
          <datafield ind1="3" ind2=" " tag="520">
            <subfield code="a">The indictment of Arthur Andersen LLP, following the collapse at Enron (and after Global  Crossing) has brought discussions of corporate malfeasance and accounting standards to front  pages and cocktail parties, and calls for increased government regulation to the op-ed pages and  talk shows.&lt;br&gt;&lt;br&gt;  Frequently pundits call for legal changes or increased regulations, new rules, and expanded  oversight to "promote the free flow of information" to "protect investors."  Of course, one might  ask why investors, in particular, need more government protection: no one forces them to entrust  any particular groups or individuals with any part of their accumulated savings -- except when the  government collects taxes.</subfield>
          </datafield>
          <datafield ind1=" " ind2=" " tag="524">
            <subfield code="a">http://www.somc.rochester.edu/Apr02/Stockman.pdf</subfield>
          </datafield>
          <datafield ind1=" " ind2=" " tag="538">
            <subfield code="a">System requirements: PDF viewer/reader.</subfield>
          </datafield>
          <datafield ind1=" " ind2=" " tag="540">
            <subfield code="a">This item is protected by copyright, with all rights reserved.</subfield>
          </datafield>
          <datafield ind1=" " ind2=" " tag="653">
            <subfield code="a">economic policy.</subfield>
          </datafield>
          <datafield ind1=" " ind2=" " tag="653">
            <subfield code="a">corporate governance.</subfield>
          </datafield>
          <datafield ind1=" " ind2="0" tag="830">
            <subfield code="a">PPS;</subfield>
            <subfield code="v">02-1</subfield>
          </datafield>
          <datafield ind1="4" ind2="0" tag="856">
            <subfield code="u">http://hdl.handle.net/1953/512</subfield>
          </datafield>
        </record>
      </metadata>
    </record>