
    <record>
      <header>
        <identifier>oai:urresearch3.rochester.edu:370</identifier>
        <datestamp>2011-03-01T17:28:35Z</datestamp>
        <setSpec>3:98</setSpec>
      </header>
      <metadata>
        <record xmlns="http://www.loc.gov/MARC21/slim">
          <leader>00000 am a2200000Ka 4500</leader>
          <controlfield tag="006">m        d        </controlfield>
          <controlfield tag="007">cr||||||||||||</controlfield>
          <controlfield tag="008">      s2003            s           eng  </controlfield>
          <datafield ind1="1" ind2=" " tag="100">
            <subfield code="a">Thakur, Mayur.</subfield>
            <subfield code="4">aut</subfield>
          </datafield>
          <datafield ind1="1" ind2="0" tag="245">
            <subfield code="a">On Optimal Advice for P-Selective Sets</subfield>
            <subfield code="h">[electronic resource] /</subfield>
            <subfield code="c">Mayur Thakur.</subfield>
          </datafield>
          <datafield ind1=" " ind2=" " tag="260">
            <subfield code="b">University of Rochester. Computer Science Department., </subfield>
            <subfield code="c">2003.</subfield>
          </datafield>
          <datafield ind1="1" ind2=" " tag="490">
            <subfield code="a">UR CSD;</subfield>
            <subfield code="v">TR819</subfield>
          </datafield>
          <datafield ind1="3" ind2=" " tag="520">
            <subfield code="a">Ko proved that the P-selective sets are in the advice class P/quadratic. Hemaspaandra et al. showed that P-selective sets are in PP/linear. Hemaspaandra and Torenvliet improved this upper bound and proved that that P-selective sets are in NP/linear. From this result it follows that if P-sel \not\subseteq P/linear, then P \neq NP, and so it cannot be proven using relativizable techniques. They also raised the following question: P-sel \subseteq P/linear? That is, they asked whether each P-selective set has linear advice. This question is interesting in light of the fact that the P-selective sets constructed using the classic left-cut technique all have linear advice complexity. In this paper, we prove that no relativizable technique can resolve this question. In fact, we prove that there is an oracle A such that PP^A \inter P-sel^A \not\subseteq P^A/linear. In our proof, we use Kolmogorov random permutations in conjunction with random tournaments to construct a P-selective set with the desired properties. This construction may be of independent interest in relativization theory.</subfield>
          </datafield>
          <datafield ind1=" " ind2=" " tag="540">
            <subfield code="a">This item is protected by copyright, with all rights reserved.</subfield>
          </datafield>
          <datafield ind1=" " ind2=" " tag="653">
            <subfield code="a">advice complexity.</subfield>
          </datafield>
          <datafield ind1=" " ind2=" " tag="653">
            <subfield code="a">computational complexity.</subfield>
          </datafield>
          <datafield ind1=" " ind2=" " tag="653">
            <subfield code="a">semi-feasible algorithms.</subfield>
          </datafield>
          <datafield ind1=" " ind2=" " tag="653">
            <subfield code="a">relativization theory.</subfield>
          </datafield>
          <datafield ind1=" " ind2="0" tag="830">
            <subfield code="a">UR CSD;</subfield>
            <subfield code="v">TR819</subfield>
          </datafield>
          <datafield ind1="4" ind2="0" tag="856">
            <subfield code="u">http://hdl.handle.net/1953/583</subfield>
          </datafield>
        </record>
      </metadata>
    </record>