
    <record>
      <header>
        <identifier>oai:urresearch3.rochester.edu:371</identifier>
        <datestamp>2011-03-01T17:28:35Z</datestamp>
        <setSpec>3:98</setSpec>
      </header>
      <metadata>
        <record xmlns="http://www.loc.gov/MARC21/slim">
          <leader>00000 am a2200000Ka 4500</leader>
          <controlfield tag="006">m        d        </controlfield>
          <controlfield tag="007">cr||||||||||||</controlfield>
          <controlfield tag="008">      s2003            s           eng  </controlfield>
          <datafield ind1="1" ind2=" " tag="100">
            <subfield code="a">Hemaspaandra, Lane A..</subfield>
            <subfield code="4">aut</subfield>
          </datafield>
          <datafield ind1="1" ind2="0" tag="245">
            <subfield code="a">Query-Monotonic Turing Reductions</subfield>
            <subfield code="h">[electronic resource] /</subfield>
            <subfield code="c">Lane A. Hemaspaandra.</subfield>
          </datafield>
          <datafield ind1=" " ind2=" " tag="260">
            <subfield code="b">University of Rochester. Computer Science Department., </subfield>
            <subfield code="c">2003.</subfield>
          </datafield>
          <datafield ind1="1" ind2=" " tag="490">
            <subfield code="a">UR CSD;</subfield>
            <subfield code="v">TR818</subfield>
          </datafield>
          <datafield ind1="3" ind2=" " tag="520">
            <subfield code="a">In this paper, we study reductions that make a rapid progression through the set to which they are reducing: Each query is strictly longer (shorter) than the previous one. We call these reductions query-increasing (query-decreasing) Turing reductions. We ask whether this restriction (and the seemingly weaker restrictions, respectively, query-nondecreasing and query-nonincreasing restrictions---restrictions in which each query is required to be at least as long (respectively, at most as short) as the previous one) in fact limits the power of reductions, and show cases where it does and cases where it does not. In particular, we show that even though query-increasing and query-decreasing Turing reductions are different (incomparable) from truth-table reductions, the power of query-nondecreasing and query-nonincreasing reductions are identical to those of Turing reductions over sets from a reasonable (i.e., a class closed downward under polynomial-time many-one reductions) class. We also prove that query-increasing and query-decreasing Turing reductions are incomparable. Nevertheless, we identify a structural property, which we call tight paddability, of sets such that for each tightly paddable set, query-increasing Turing reductions, query-decreasing Turing reductions, and Turing reductions are equivalent. We show that a number of well-known NP-complete problems are tightly paddable.</subfield>
          </datafield>
          <datafield ind1=" " ind2=" " tag="538">
            <subfield code="a">System requirements: PDF viewer/reader.</subfield>
          </datafield>
          <datafield ind1=" " ind2=" " tag="540">
            <subfield code="a">This item is protected by copyright, with all rights reserved.</subfield>
          </datafield>
          <datafield ind1=" " ind2=" " tag="653">
            <subfield code="a">Turing reduction.</subfield>
          </datafield>
          <datafield ind1=" " ind2=" " tag="653">
            <subfield code="a">oracle (database) access.</subfield>
          </datafield>
          <datafield ind1=" " ind2=" " tag="653">
            <subfield code="a">padding functions.</subfield>
          </datafield>
          <datafield ind1=" " ind2=" " tag="653">
            <subfield code="a">computational complexity.</subfield>
          </datafield>
          <datafield ind1="1" ind2=" " tag="700">
            <subfield code="a">Thakur, Mayur.</subfield>
            <subfield code="4">aut</subfield>
          </datafield>
          <datafield ind1=" " ind2="0" tag="830">
            <subfield code="a">UR CSD;</subfield>
            <subfield code="v">TR818</subfield>
          </datafield>
          <datafield ind1="4" ind2="0" tag="856">
            <subfield code="u">http://hdl.handle.net/1953/521</subfield>
          </datafield>
        </record>
      </metadata>
    </record>