
    <record>
      <header>
        <identifier>oai:urresearch3.rochester.edu:373</identifier>
        <datestamp>2011-03-01T17:28:35Z</datestamp>
        <setSpec>3:98</setSpec>
      </header>
      <metadata>
        <record xmlns="http://www.loc.gov/MARC21/slim">
          <leader>00000 am a2200000Ka 4500</leader>
          <controlfield tag="006">m        d        </controlfield>
          <controlfield tag="007">cr||||||||||||</controlfield>
          <controlfield tag="008">      s2003            s           eng  </controlfield>
          <datafield ind1="1" ind2=" " tag="100">
            <subfield code="a">Hemaspaandra, Edith.</subfield>
            <subfield code="4">aut</subfield>
          </datafield>
          <datafield ind1="1" ind2="0" tag="245">
            <subfield code="a">Complexity of Cycle Length Modularity Problems in Graphs</subfield>
            <subfield code="h">[electronic resource] /</subfield>
            <subfield code="c">Edith Hemaspaandra.</subfield>
          </datafield>
          <datafield ind1=" " ind2=" " tag="260">
            <subfield code="b">University of Rochester. Computer Science Department., </subfield>
            <subfield code="c">2003.</subfield>
          </datafield>
          <datafield ind1="1" ind2=" " tag="490">
            <subfield code="a">UR CSD;</subfield>
            <subfield code="v">TR802</subfield>
          </datafield>
          <datafield ind1="3" ind2=" " tag="520">
            <subfield code="a">The even cycle problem for both undirected [Tho88] and directed [RST99] graphs has been the topic of intense research in the last decade. In this paper, we study the computational complexity of cycle length modularity problems. Roughly speaking, in a cycle length modularity problem, given an input (undirected or directed) graph, one has to determine whether the graph has a cycle $C$ of a specific length (or one of several different lengths), modulo a fixed integer. We denote the two families (one for undirected graphs and one for directed graphs) of problems by $(S,m)-UC$ and $(S,m)-DC$, where $m \in \naturalnumber$ and $S \subseteq \{0, 1, \ldots, m-1\}$. $(S,m)-UC$ (respectively, $(S,m)-DC$) is defined as follows: Given an undirected (respectively, directed) graph $G$, is there a cycle in $G$ whose length, modulo $m$, is a member of $S$? In this paper, we fully classify (i.e., as either polynomial-time solvable or as $\np$-complete) each problem $(S,m)-UC$ such that $0 \in S$ and each problem $(S,m)-DC$ such that $0 \notin S$. We also give a sufficient condition on $S$ and $m$ for the following problem to be polynomial-time computable: $(S,m)-UC$ such that $0 \notin S$.</subfield>
          </datafield>
          <datafield ind1=" " ind2=" " tag="540">
            <subfield code="a">This item is protected by copyright, with all rights reserved.</subfield>
          </datafield>
          <datafield ind1=" " ind2=" " tag="653">
            <subfield code="a">cycle modularity problems.</subfield>
          </datafield>
          <datafield ind1=" " ind2=" " tag="653">
            <subfield code="a">graph theory.</subfield>
          </datafield>
          <datafield ind1=" " ind2=" " tag="653">
            <subfield code="a">computational complexity.</subfield>
          </datafield>
          <datafield ind1=" " ind2=" " tag="653">
            <subfield code="a">algorithms.</subfield>
          </datafield>
          <datafield ind1="1" ind2=" " tag="700">
            <subfield code="a">Spakowski, Holger.</subfield>
            <subfield code="4">aut</subfield>
          </datafield>
          <datafield ind1="1" ind2=" " tag="700">
            <subfield code="a">Thakur, Mayur.</subfield>
            <subfield code="4">aut</subfield>
          </datafield>
          <datafield ind1=" " ind2="0" tag="830">
            <subfield code="a">UR CSD;</subfield>
            <subfield code="v">TR802</subfield>
          </datafield>
          <datafield ind1="4" ind2="0" tag="856">
            <subfield code="u">http://hdl.handle.net/1953/520</subfield>
          </datafield>
        </record>
      </metadata>
    </record>