
    <record>
      <header>
        <identifier>oai:urresearch3.rochester.edu:374</identifier>
        <datestamp>2011-03-01T17:28:35Z</datestamp>
        <setSpec>3:98</setSpec>
      </header>
      <metadata>
        <record xmlns="http://www.loc.gov/MARC21/slim">
          <leader>00000 am a2200000Ka 4500</leader>
          <controlfield tag="006">m        d        </controlfield>
          <controlfield tag="007">cr||||||||||||</controlfield>
          <controlfield tag="008">      s2003            s           eng  </controlfield>
          <datafield ind1="1" ind2=" " tag="100">
            <subfield code="a">Spakowski, Holger.</subfield>
            <subfield code="4">aut</subfield>
          </datafield>
          <datafield ind1="1" ind2="0" tag="245">
            <subfield code="a">Quantum and Classical Complexity Classes: Separations, Collapses, and Closure Properties</subfield>
            <subfield code="h">[electronic resource] /</subfield>
            <subfield code="c">Holger Spakowski.</subfield>
          </datafield>
          <datafield ind1=" " ind2=" " tag="260">
            <subfield code="b">University of Rochester. Computer Science Department., </subfield>
            <subfield code="c">2003.</subfield>
          </datafield>
          <datafield ind1="1" ind2=" " tag="490">
            <subfield code="a">UR CSD;</subfield>
            <subfield code="v">TR801</subfield>
          </datafield>
          <datafield ind1="3" ind2=" " tag="520">
            <subfield code="a">We study the complexity of quantum complexity classes like EQP, BQP, NQP (quantum analogs of P, BPP, and NP, respectively) using classical complexity classes like ZPP, WPP, C=P. The contributions of this paper are as threefold. First, we show that relative to an oracle ZPP is not contained in WPP. As an immediate consequence, this implies that no relativizable proof technique can improve the best known classical upper bound for BQP, namely, from BQP &#x2286; AWPP [FR98] to BQP &#x2286; WPP and the best known classical lower bound for EQP, namely, from P &#x2286; EQP to ZPP &#x2286; EQP. Second, strengthening the results of [Tor91,Rot99] and [Tar91,Gre93], we prove the existence of oracles &lt;I&gt;A&lt;/I&gt; and &lt;I&gt;B&lt;/I&gt; such that RP&lt;sup&gt;&lt;I&gt;A&lt;/I&gt;&lt;/sup&gt; is immune to C=P&lt;sup&gt;&lt;I&gt;A&lt;/I&gt;&lt;/sup&gt; and  BPP&lt;sup&gt;&lt;I&gt;B&lt;/I&gt;&lt;/sup&gt; is immune to P&lt;sup&gt;C=P&lt;sup&gt;B&lt;/sup&gt;&lt;/sup&gt;. From known inclusions it follows that BQP is immune to P&lt;sup&gt;C=P&lt;/sup&gt; in some relativized world. For each prime &lt;I&gt;p&lt;/I&gt; and integer &lt;I&gt;k&lt;/I&gt; &#x2265;1, we construct an oracle relative to which EQP is immune to Mod&lt;I&gt;&lt;sub&gt;p&lt;/sub&gt;k&lt;/I&gt;P. This extends the result by de Graaf and Valiant[dGV02]: for any prime &lt;I&gt;p&lt;/I&gt; and integer&lt;I&gt;k&lt;/I&gt; &#x2265;1, there is an oracle &lt;I&gt;A&lt;/I&gt; such that EQP&lt;sup&gt;&lt;I&gt;A&lt;/I&gt;&lt;/sup&gt; \not\subseteq Mod&lt;I&gt;&lt;sub&gt;p&lt;/sub&gt;k&lt;/I&gt;P&lt;sup&gt;&lt;I&gt;A&lt;/I&gt;&lt;/sup&gt;. Third, motivated by the fact that counting classes (like LWPP, AWPP, etc.) are the best known classical upper bounds on quantum complexity classes, we study properties of these counting classes. In particular, we study the reduction closure properties of these classes. Fenner, Fortnow, and Kurtz [FFK94] ask whether WPP is closed under polynomial-time Turing reductions. We prove that WPP is closed downward under polynomial-time truth-table reductions, while we construct an oracle relative to which WPP is not closed under polynomial-time Turing reductions. We also prove that both AWPP and APP are closed downward under &#x2264;UP-Turing reductions. Furthermore, we use these closure properties to study the consequences of the following hypotheses: NQP &#x2286; BQP and EQP = NQP (quantum analogs of the NP &#x2286; BPP and P = NP question). We prove that if NQP &#x2286; BQP, then the entire polynomial-time hierarchy is low for PP. In fact, we do slightly better. We show that NQP &#x2286; BQP &#x21D2; PH &#x2286; AWPP and NQP &#x2286; EQP &#x21D2; PH &#x2286; WPP.</subfield>
          </datafield>
          <datafield ind1=" " ind2=" " tag="538">
            <subfield code="a">System requirements: PDF viewer/reader.</subfield>
          </datafield>
          <datafield ind1=" " ind2=" " tag="540">
            <subfield code="a">This item is protected by copyright, with all rights reserved.</subfield>
          </datafield>
          <datafield ind1=" " ind2=" " tag="653">
            <subfield code="a">computational complexity.</subfield>
          </datafield>
          <datafield ind1=" " ind2=" " tag="653">
            <subfield code="a">quantum complexity classes.</subfield>
          </datafield>
          <datafield ind1=" " ind2=" " tag="653">
            <subfield code="a">gap-definable counting classes.</subfield>
          </datafield>
          <datafield ind1=" " ind2=" " tag="653">
            <subfield code="a">relativization theory.</subfield>
          </datafield>
          <datafield ind1=" " ind2=" " tag="653">
            <subfield code="a">strong separations.</subfield>
          </datafield>
          <datafield ind1=" " ind2=" " tag="653">
            <subfield code="a">reduction closure properties.</subfield>
          </datafield>
          <datafield ind1="1" ind2=" " tag="700">
            <subfield code="a">Thakur, Mayur.</subfield>
            <subfield code="4">aut</subfield>
          </datafield>
          <datafield ind1="1" ind2=" " tag="700">
            <subfield code="a">Tripathi, Rahul.</subfield>
            <subfield code="4">aut</subfield>
          </datafield>
          <datafield ind1=" " ind2="0" tag="830">
            <subfield code="a">UR CSD;</subfield>
            <subfield code="v">TR801</subfield>
          </datafield>
          <datafield ind1="4" ind2="0" tag="856">
            <subfield code="u">http://hdl.handle.net/1953/518</subfield>
          </datafield>
        </record>
      </metadata>
    </record>