
    <record>
      <header>
        <identifier>oai:urresearch3.rochester.edu:375</identifier>
        <datestamp>2011-03-01T17:28:35Z</datestamp>
        <setSpec>3:98</setSpec>
      </header>
      <metadata>
        <record xmlns="http://www.loc.gov/MARC21/slim">
          <leader>00000 am a2200000Ka 4500</leader>
          <controlfield tag="006">m        d        </controlfield>
          <controlfield tag="007">cr||||||||||||</controlfield>
          <controlfield tag="008">      s2003            s           eng  </controlfield>
          <datafield ind1="1" ind2=" " tag="100">
            <subfield code="a">Homan, Christopher M.,</subfield>
            <subfield code="d">1969-</subfield>
            <subfield code="4">aut</subfield>
          </datafield>
          <datafield ind1="1" ind2="0" tag="245">
            <subfield code="a">Small Worlds, Locality, and Flooding on Landscapes</subfield>
            <subfield code="h">[electronic resource] /</subfield>
            <subfield code="c">Christopher M. Homan.</subfield>
          </datafield>
          <datafield ind1=" " ind2=" " tag="260">
            <subfield code="b">University of Rochester. Computer Science Department., </subfield>
            <subfield code="c">2003.</subfield>
          </datafield>
          <datafield ind1="1" ind2=" " tag="490">
            <subfield code="a">UR CSD;</subfield>
            <subfield code="v">TR796</subfield>
          </datafield>
          <datafield ind1="3" ind2=" " tag="520">
            <subfield code="a">Kleinberg provides the first theoretical characterization of the algorithmic aspects of small-world graphs embedded in metric spaces. The algorithms that Kleinberg studies are closely related to decentralized routing schemes used in ad-hoc networking environments. We study decentralized routing on fitness landscapes, which are a model that generalizes the properties of metric graphs and allows us to consider factors other than distance in designing decentralized routing schemes. We show that certain features of landscapes upper bound the amount of flooding necessary in order for greedy, decentralized routing schemes to successfully deliver messages. Finally, we show that, in Kleinberg's model, there is a phase transition in the amount of flooding necessary for efficient routing.</subfield>
          </datafield>
          <datafield ind1=" " ind2=" " tag="540">
            <subfield code="a">This item is protected by copyright, with all rights reserved.</subfield>
          </datafield>
          <datafield ind1=" " ind2=" " tag="653">
            <subfield code="a">greedy search.</subfield>
          </datafield>
          <datafield ind1=" " ind2=" " tag="653">
            <subfield code="a">heuristic search.</subfield>
          </datafield>
          <datafield ind1=" " ind2=" " tag="653">
            <subfield code="a">ad-hoc routing.</subfield>
          </datafield>
          <datafield ind1=" " ind2=" " tag="653">
            <subfield code="a">small worlds.</subfield>
          </datafield>
          <datafield ind1=" " ind2=" " tag="653">
            <subfield code="a">landscapes.</subfield>
          </datafield>
          <datafield ind1="1" ind2=" " tag="700">
            <subfield code="a">Istrate, Gabriel.</subfield>
            <subfield code="4">aut</subfield>
          </datafield>
          <datafield ind1=" " ind2="0" tag="830">
            <subfield code="a">UR CSD;</subfield>
            <subfield code="v">TR796</subfield>
          </datafield>
          <datafield ind1="4" ind2="0" tag="856">
            <subfield code="u">http://hdl.handle.net/1953/519</subfield>
          </datafield>
        </record>
      </metadata>
    </record>