
    <record>
      <header>
        <identifier>oai:urresearch3.rochester.edu:379</identifier>
        <datestamp>2004-07-23T22:22:26Z</datestamp>
        <setSpec>25:63</setSpec>
      </header>
      <metadata>
        <record xmlns="http://www.loc.gov/MARC21/slim">
          <leader>00000 cm a2200000Ka 4500</leader>
          <controlfield tag="006">m        d        </controlfield>
          <controlfield tag="007">cr||||||||||||</controlfield>
          <controlfield tag="008">      s1900            s                </controlfield>
          <datafield ind1="1" ind2=" " tag="100">
            <subfield code="a">Reinecke, Carl,</subfield>
            <subfield code="d">1824-1910.</subfield>
            <subfield code="4">aut</subfield>
          </datafield>
          <datafield ind1="1" ind2="0" tag="245">
            <subfield code="a">Impromptu &#xFC;ber ein Motiv aus Robert Schumanns Manfred</subfield>
            <subfield code="h">[electronic resource] /</subfield>
            <subfield code="c">Carl Reinecke.</subfield>
          </datafield>
          <datafield ind1=" " ind2=" " tag="260">
            <subfield code="c">1900.</subfield>
          </datafield>
          <datafield ind1=" " ind2=" " tag="538">
            <subfield code="a">System requirements: PDF viewer/reader.</subfield>
          </datafield>
          <datafield ind1=" " ind2=" " tag="540">
            <subfield code="a">This item is protected by copyright, with all rights reserved.</subfield>
          </datafield>
          <datafield ind1=" " ind2=" " tag="653">
            <subfield code="a">Piano music (Pianos (2)) Scores..</subfield>
          </datafield>
          <datafield ind1="4" ind2="0" tag="856">
            <subfield code="u">http://hdl.handle.net/1953/517</subfield>
          </datafield>
        </record>
      </metadata>
    </record>