
    <record>
      <header>
        <identifier>oai:urresearch3.rochester.edu:380</identifier>
        <datestamp>2011-03-01T17:28:35Z</datestamp>
        <setSpec>3:98</setSpec>
      </header>
      <metadata>
        <record xmlns="http://www.loc.gov/MARC21/slim">
          <leader>00000 am a2200000Ka 4500</leader>
          <controlfield tag="006">m        d        </controlfield>
          <controlfield tag="007">cr||||||||||||</controlfield>
          <controlfield tag="008">      s2004            s           eng  </controlfield>
          <datafield ind1="1" ind2=" " tag="100">
            <subfield code="a">Spakowski, Holger.</subfield>
            <subfield code="4">aut</subfield>
          </datafield>
          <datafield ind1="1" ind2="0" tag="245">
            <subfield code="a">Degree Bounds on Polynomials and Relativization Theory</subfield>
            <subfield code="h">[electronic resource] /</subfield>
            <subfield code="c">Holger Spakowski.</subfield>
          </datafield>
          <datafield ind1=" " ind2=" " tag="260">
            <subfield code="b">University of Rochester. Computer Science Department., </subfield>
            <subfield code="c">2004.</subfield>
          </datafield>
          <datafield ind1="1" ind2=" " tag="490">
            <subfield code="a">UR CSD;</subfield>
            <subfield code="v">TR820</subfield>
          </datafield>
          <datafield ind1="3" ind2=" " tag="520">
            <subfield code="a">We demonstrate the applicability of the polynomial degree bound technique to notions such as the nonexistence of Turing-hard sets in some relativized world, (non)uniform gap-definability, and relativized separations. Our contributions are as follows.   &lt;P&gt;  (a) There is a relativized world where AWPP has no polynomial-time Turing hard set for UP \cap coUP. This implies that classes like SPP, LWPP, WPP and AWPP do not possess Turing complete sets robustly; thus we answer an open question of [HRZ95] and extend one of the main results of [HJV93].   &lt;P&gt;  (b) There is a relativized world where AWPP has no polynomial-time Turing hard set for ZPP.   &lt;P&gt;  (c) There is a relativized world where UP \cap coUP is not low for LWPP as well as for WPP. As a consequence, we show that both LWPP and WPP are not uniformly gap-definable. This settles an open question of [FFK94] and gives a relativized answer to another question of [FFK94].   &lt;P&gt;  (d) There is a relativized world where NP \cap coNP \nsubseteq AWPP.   &lt;P&gt;  (e) There is a relativized world where ZPP is not contained in WPP^{WPP}. Thus WPP differs considerably from its superclass C_{=}P, for which it is known that PH \subseteq C_{=}P^{C_{=}P} in every relativized world.   &lt;P&gt;  (f) Finally, we demonstrate that our proof technique is applicable also to classes that are not known to be gap-definable. We construct a relativized world where MIP \cap coMIP has no polynomial-time Turing hard set for ZPP. This extends one of the main results of [HJV93].</subfield>
          </datafield>
          <datafield ind1=" " ind2=" " tag="538">
            <subfield code="a">System requirements: PDF viewer/reader.</subfield>
          </datafield>
          <datafield ind1=" " ind2=" " tag="540">
            <subfield code="a">This item is protected by copyright, with all rights reserved.</subfield>
          </datafield>
          <datafield ind1=" " ind2=" " tag="653">
            <subfield code="a">Computer science theory.</subfield>
          </datafield>
          <datafield ind1=" " ind2=" " tag="653">
            <subfield code="a">Polynomials.</subfield>
          </datafield>
          <datafield ind1=" " ind2=" " tag="653">
            <subfield code="a">Relativization Theory.</subfield>
          </datafield>
          <datafield ind1="1" ind2=" " tag="700">
            <subfield code="a">Tripathi, Rahul.</subfield>
            <subfield code="4">aut</subfield>
          </datafield>
          <datafield ind1=" " ind2="0" tag="830">
            <subfield code="a">UR CSD;</subfield>
            <subfield code="v">TR820</subfield>
          </datafield>
          <datafield ind1="4" ind2="0" tag="856">
            <subfield code="u">http://hdl.handle.net/1953/522</subfield>
          </datafield>
        </record>
      </metadata>
    </record>