
    <record>
      <header>
        <identifier>oai:urresearch3.rochester.edu:382</identifier>
        <datestamp>2011-03-01T17:28:35Z</datestamp>
        <setSpec>3:97</setSpec>
      </header>
      <metadata>
        <record xmlns="http://www.loc.gov/MARC21/slim">
          <leader>00000 am a2200000Ka 4500</leader>
          <controlfield tag="006">m        d        </controlfield>
          <controlfield tag="007">cr||||||||||||</controlfield>
          <controlfield tag="008">      s1994            s           eng  </controlfield>
          <datafield ind1="1" ind2=" " tag="100">
            <subfield code="a">Li, Wei.</subfield>
            <subfield code="4">aut</subfield>
          </datafield>
          <datafield ind1="1" ind2="0" tag="245">
            <subfield code="a">Unifying Data and Control Transformations for Distributed Shared Memory Machines</subfield>
            <subfield code="h">[electronic resource] /</subfield>
            <subfield code="c">Wei Li.</subfield>
          </datafield>
          <datafield ind1=" " ind2=" " tag="260">
            <subfield code="b">University of Rochester. Computer Science Department., </subfield>
            <subfield code="c">1994.</subfield>
          </datafield>
          <datafield ind1="1" ind2=" " tag="490">
            <subfield code="a">UR CSD;</subfield>
            <subfield code="v">TR542</subfield>
          </datafield>
          <datafield ind1="3" ind2=" " tag="520">
            <subfield code="a">We present a unified approach to locality optimization that employs both data and control transformations. Data transformations include changing the array layout in memory. Control transformations involve changing the execution order of programs. We have developed new techniques for compiler optimizations for distributed shared-memory machines, although the same techniques can be used for sequential machines with a memory hierarchy.   &lt;BR&gt;  Our compiler optimizations are based on an algebraic representation of data mappings and a new data locality model. We present a pure data transformation algorithm and an algorithm unifying data and control transformations. While there has been much work on control transformations, the opportunities for data transformations have been largely neglected. In fact, data transformations have the advantage of being applicable to programs that cannot be optimized with control transformations. The unified algorithm, which performs data and control transformations simultaneously, offers improvement over optimizations obtained by applying data and control transformations separately.   &lt;BR&gt;  The experimental results using a set of applications on a parallel machine show that the new optimizations improve performance significantly. These results are further analyzed using locality metrics with instrumentation and simulation.</subfield>
          </datafield>
          <datafield ind1=" " ind2=" " tag="540">
            <subfield code="a">This item is protected by copyright, with all rights reserved.</subfield>
          </datafield>
          <datafield ind1=" " ind2=" " tag="653">
            <subfield code="a">unified data and control transformation.</subfield>
          </datafield>
          <datafield ind1=" " ind2=" " tag="653">
            <subfield code="a">locality optimization.</subfield>
          </datafield>
          <datafield ind1=" " ind2=" " tag="653">
            <subfield code="a">data mapping.</subfield>
          </datafield>
          <datafield ind1=" " ind2=" " tag="653">
            <subfield code="a">mapping vector.</subfield>
          </datafield>
          <datafield ind1=" " ind2=" " tag="653">
            <subfield code="a">locality model.</subfield>
          </datafield>
          <datafield ind1=" " ind2=" " tag="653">
            <subfield code="a">stride vector.</subfield>
          </datafield>
          <datafield ind1=" " ind2=" " tag="653">
            <subfield code="a">distributed shared memory machines.</subfield>
          </datafield>
          <datafield ind1="1" ind2=" " tag="700">
            <subfield code="a">Cierniak, Michal.</subfield>
            <subfield code="4">aut</subfield>
          </datafield>
          <datafield ind1=" " ind2="0" tag="830">
            <subfield code="a">UR CSD;</subfield>
            <subfield code="v">TR542</subfield>
          </datafield>
          <datafield ind1="4" ind2="0" tag="856">
            <subfield code="u">http://hdl.handle.net/1953/524</subfield>
          </datafield>
        </record>
      </metadata>
    </record>