
    <record>
      <header>
        <identifier>oai:urresearch3.rochester.edu:383</identifier>
        <datestamp>2011-03-01T17:28:35Z</datestamp>
        <setSpec>3:97</setSpec>
      </header>
      <metadata>
        <record xmlns="http://www.loc.gov/MARC21/slim">
          <leader>00000 am a2200000Ka 4500</leader>
          <controlfield tag="006">m        d        </controlfield>
          <controlfield tag="007">cr||||||||||||</controlfield>
          <controlfield tag="008">      s1994            s           eng  </controlfield>
          <datafield ind1="1" ind2=" " tag="100">
            <subfield code="a">Scott, Michael Lee,</subfield>
            <subfield code="d">1959-</subfield>
            <subfield code="4">aut</subfield>
          </datafield>
          <datafield ind1="1" ind2="0" tag="245">
            <subfield code="a">Software Cache Coherence for Large Scale Multiprocessors</subfield>
            <subfield code="h">[electronic resource] /</subfield>
            <subfield code="c">Michael Lee Scott.</subfield>
          </datafield>
          <datafield ind1=" " ind2=" " tag="260">
            <subfield code="b">University of Rochester. Computer Science Department., </subfield>
            <subfield code="c">1994.</subfield>
          </datafield>
          <datafield ind1="1" ind2=" " tag="490">
            <subfield code="a">UR CSD;</subfield>
            <subfield code="v">TR513</subfield>
          </datafield>
          <datafield ind1="3" ind2=" " tag="520">
            <subfield code="a">Shared memory provides an attractive and intuitive programming model that makes good use of programmer time and effort. Shared memory, however, requires a coherence mechanism to allow caching for performance and to ensure that processors do not use stale data in their caches. We evaluate several algorithmic and architectural alternatives in the design space of NCC-NUMA (non cache coherent, non uniform memory access) machines with a globally-accessible physical address space. We present a new adaptive algorithm for software cache coherence that reduces interprocessor communication and scales to large numbers of processors; we compare it to existing software and hardware coherence schemes. We also evaluate (1) the tradeoffs among various write policies (write-through, write-back, write-through with a write-collect buffer) and (2) the effect on performance of using remote memory access. Finally, we observe that certain simple program changes can greatly improve performance. For example, we find that the use of reader-writer locks, synchronization variable relocation, and data structure padding and alignment can allow a protocol to avoid significant amounts of coherence overhead. (A later version of this paper appeared in HPCA, January 1995.)</subfield>
          </datafield>
          <datafield ind1=" " ind2=" " tag="540">
            <subfield code="a">This item is protected by copyright, with all rights reserved.</subfield>
          </datafield>
          <datafield ind1=" " ind2=" " tag="653">
            <subfield code="a">scalability.</subfield>
          </datafield>
          <datafield ind1=" " ind2=" " tag="653">
            <subfield code="a">lazy release consistency.</subfield>
          </datafield>
          <datafield ind1=" " ind2=" " tag="653">
            <subfield code="a">NCC-NUMA machines.</subfield>
          </datafield>
          <datafield ind1=" " ind2=" " tag="653">
            <subfield code="a">cache coherence.</subfield>
          </datafield>
          <datafield ind1=" " ind2=" " tag="653">
            <subfield code="a">cost-effectiveness.</subfield>
          </datafield>
          <datafield ind1="1" ind2=" " tag="700">
            <subfield code="a">Kontothanassis, Leonidas I..</subfield>
            <subfield code="4">aut</subfield>
          </datafield>
          <datafield ind1=" " ind2="0" tag="830">
            <subfield code="a">UR CSD;</subfield>
            <subfield code="v">TR513</subfield>
          </datafield>
          <datafield ind1="4" ind2="0" tag="856">
            <subfield code="u">http://hdl.handle.net/1953/525</subfield>
          </datafield>
        </record>
      </metadata>
    </record>