
    <record>
      <header>
        <identifier>oai:urresearch3.rochester.edu:384</identifier>
        <datestamp>2011-03-01T17:28:35Z</datestamp>
        <setSpec>3:97</setSpec>
      </header>
      <metadata>
        <record xmlns="http://www.loc.gov/MARC21/slim">
          <leader>00000 am a2200000Ka 4500</leader>
          <controlfield tag="006">m        d        </controlfield>
          <controlfield tag="007">cr||||||||||||</controlfield>
          <controlfield tag="008">      s1993            s           eng  </controlfield>
          <datafield ind1="1" ind2=" " tag="100">
            <subfield code="a">Bianchini, Ricardo.</subfield>
            <subfield code="4">aut</subfield>
          </datafield>
          <datafield ind1="1" ind2="0" tag="245">
            <subfield code="a">Memory Contention in Scalable Cache-Coherent Multiprocessors</subfield>
            <subfield code="h">[electronic resource] /</subfield>
            <subfield code="c">Ricardo Bianchini.</subfield>
          </datafield>
          <datafield ind1=" " ind2=" " tag="260">
            <subfield code="b">University of Rochester. Computer Science Department., </subfield>
            <subfield code="c">1993.</subfield>
          </datafield>
          <datafield ind1="1" ind2=" " tag="490">
            <subfield code="a">UR CSD;</subfield>
            <subfield code="v">TR448</subfield>
          </datafield>
          <datafield ind1="3" ind2=" " tag="520">
            <subfield code="a">Effective use of large-scale multiprocessors requires the elimination of all bottlenecks that reduce processor utilization. One such bottleneck is memory contention. In this paper we show that memory contention occurs in many parallel applications, when those applications are run on large-scale shared-memory multiprocessors. In our simulations of several parallel applications on a large-scale machine, we observed that some applications exhibit near-perfect speedup on hundreds of processors when the effect of memory contention is ignored, and exhibit no speedup at all when memory contention is considered. As the number of processors is increased, many applications exhibit an increase in both the number of hot spots and in the degree of contention for each hot spot. In addition, we observed that hot spots are spread throughout memory for some applications, and that eliminating hot spots on an individual basis can cause other hot spots to worsen. These observations suggest that modern multiprocessors require some mechanism to alleviate hot-spot contention.   &lt;BR&gt;  We evaluate the effectiveness of two different mechanisms for dealing with hot-spot contention in direct-connected, distributed-shared-memory multiprocessors: queueing requests at the memory module, which allows a memory module to be more highly utilized during periods of contention, and increasing the effective bandwidth to memory by having the coherency protocol distribute the hot data to multiple memory modules. We show that queueing requires long queues at each memory module, and does not perform as well as our proposed coherency protocol, which essentially eliminates memory contention in the applications we consider.</subfield>
          </datafield>
          <datafield ind1=" " ind2=" " tag="540">
            <subfield code="a">This item is protected by copyright, with all rights reserved.</subfield>
          </datafield>
          <datafield ind1=" " ind2=" " tag="653">
            <subfield code="a">hot spots.</subfield>
          </datafield>
          <datafield ind1=" " ind2=" " tag="653">
            <subfield code="a">coherency protocols.</subfield>
          </datafield>
          <datafield ind1=" " ind2=" " tag="653">
            <subfield code="a">memory contention.</subfield>
          </datafield>
          <datafield ind1=" " ind2=" " tag="653">
            <subfield code="a">eager combining.</subfield>
          </datafield>
          <datafield ind1="1" ind2=" " tag="700">
            <subfield code="a">Crovella, Mark E..</subfield>
            <subfield code="4">aut</subfield>
          </datafield>
          <datafield ind1="1" ind2=" " tag="700">
            <subfield code="a">Kontothanassis, Leonidas I..</subfield>
            <subfield code="4">aut</subfield>
          </datafield>
          <datafield ind1="1" ind2=" " tag="700">
            <subfield code="a">LeBlanc, Thomas J..</subfield>
            <subfield code="4">aut</subfield>
          </datafield>
          <datafield ind1=" " ind2="0" tag="830">
            <subfield code="a">UR CSD;</subfield>
            <subfield code="v">TR448</subfield>
          </datafield>
          <datafield ind1="4" ind2="0" tag="856">
            <subfield code="u">http://hdl.handle.net/1953/526</subfield>
          </datafield>
        </record>
      </metadata>
    </record>