
    <record>
      <header>
        <identifier>oai:urresearch3.rochester.edu:386</identifier>
        <datestamp>2004-07-28T18:44:58Z</datestamp>
        <setSpec>18:126</setSpec>
      </header>
      <metadata>
        <record xmlns="http://www.loc.gov/MARC21/slim">
          <leader>00000 am a2200000Ka 4500</leader>
          <controlfield tag="006">m        d        </controlfield>
          <controlfield tag="007">cr||||||||||||</controlfield>
          <controlfield tag="008">      s2001            s           eng  </controlfield>
          <datafield ind1="1" ind2=" " tag="100">
            <subfield code="a">Levy, Mickey D..</subfield>
            <subfield code="4">aut</subfield>
          </datafield>
          <datafield ind1="1" ind2="0" tag="245">
            <subfield code="a">Economic Performance and Policy Following the Terrorist Attacks</subfield>
            <subfield code="h">[electronic resource] /</subfield>
            <subfield code="c">Mickey D. Levy.</subfield>
          </datafield>
          <datafield ind1=" " ind2=" " tag="260">
            <subfield code="a">Bradley Policy Research Center :</subfield>
            <subfield code="b">William E. Simon Graduate School of Business Administration, University of Rochester, </subfield>
            <subfield code="c">2001.</subfield>
          </datafield>
          <datafield ind1="1" ind2=" " tag="490">
            <subfield code="a">PPS;</subfield>
            <subfield code="v">01-2</subfield>
          </datafield>
          <datafield ind1="3" ind2=" " tag="520">
            <subfield code="a">The economy, struggling to emerge from a cyclical slump and partial reversal of the  earlier business investment boom, now faces a near-term contraction generated by the negative  shock of the recent terrorist attacks. Aggressively stimulative monetary and fiscal policies point  toward rebound beginning in early 2002. The result will be a V-shaped pattern in economic  performance. The Federal Reserve's appropriate dramatic infusion of liquidity to ensure efficient  functioning of the banking system and capital markets following September 11 and subsequent  lowering of its Federal funds rate target eventually must be reversed to avoid long-run inflation  risks. Federal budget conditions and the thrust of fiscal policy are changing dramatically with  the negative economic impact and new initiatives in response to the terrorist attacks.</subfield>
          </datafield>
          <datafield ind1=" " ind2=" " tag="524">
            <subfield code="a">http://www.somc.rochester.edu/Oct01/LevyOct01.pdf</subfield>
          </datafield>
          <datafield ind1=" " ind2=" " tag="538">
            <subfield code="a">System requirements: PDF viewer/reader.</subfield>
          </datafield>
          <datafield ind1=" " ind2=" " tag="540">
            <subfield code="a">This item is protected by copyright, with all rights reserved.</subfield>
          </datafield>
          <datafield ind1=" " ind2=" " tag="653">
            <subfield code="a">economic policy.</subfield>
          </datafield>
          <datafield ind1=" " ind2=" " tag="653">
            <subfield code="a">September 11, 2001.</subfield>
          </datafield>
          <datafield ind1=" " ind2="0" tag="830">
            <subfield code="a">PPS;</subfield>
            <subfield code="v">01-2</subfield>
          </datafield>
          <datafield ind1="4" ind2="0" tag="856">
            <subfield code="u">http://hdl.handle.net/1953/528</subfield>
          </datafield>
        </record>
      </metadata>
    </record>