
    <record>
      <header>
        <identifier>oai:urresearch3.rochester.edu:387</identifier>
        <datestamp>2004-07-28T18:47:23Z</datestamp>
        <setSpec>18:126</setSpec>
      </header>
      <metadata>
        <record xmlns="http://www.loc.gov/MARC21/slim">
          <leader>00000 am a2200000Ka 4500</leader>
          <controlfield tag="006">m        d        </controlfield>
          <controlfield tag="007">cr||||||||||||</controlfield>
          <controlfield tag="008">      s2001            s           eng  </controlfield>
          <datafield ind1="1" ind2=" " tag="100">
            <subfield code="a">Schwartz, Anna J..</subfield>
            <subfield code="4">aut</subfield>
          </datafield>
          <datafield ind1="1" ind2="0" tag="245">
            <subfield code="a">IMF Infirmary</subfield>
            <subfield code="h">[electronic resource] /</subfield>
            <subfield code="c">Anna J. Schwartz.</subfield>
          </datafield>
          <datafield ind1=" " ind2=" " tag="260">
            <subfield code="a">Bradley Policy Research Center :</subfield>
            <subfield code="b">William E. Simon Graduate School of Business Administration, University of Rochester, </subfield>
            <subfield code="c">2001.</subfield>
          </datafield>
          <datafield ind1="1" ind2=" " tag="490">
            <subfield code="a">PPS;</subfield>
            <subfield code="v">01-2</subfield>
          </datafield>
          <datafield ind1="3" ind2=" " tag="520">
            <subfield code="a">In 2001 three emerging market countries have been in the IMF infirmary: Argentina,  Brazil, and Turkey. Despite the critical reviews to which the IMF was subjected in 2000, not  much has changed in its response to the pleas for assistance by troubled countries. This is the  case even though there has been a change in the top command at the IMF who, on taking office,  initiated some cosmetic changes in its structure. In addition, the new personnel in the Bush  administration Treasury Department before their appointment had expressed some dissatisfaction  with the way the IMF operated, in particular, the size of the rescue packages it orchestrated. Yet  the pattern of IMF action has been basically unchanged: it offers countries in distress money,  doled out in installments when they have fulfilled or made efforts to fulfill conditions they  agreed to to obtain an IMF loan. The Bush Treasury has not objected.&lt;br&gt;&lt;br&gt;  I now summarize the problems confronting each of the countries in the IMF infirmary,  the solutions the IMF has proposed, and the prospects that the problems will be mitigated.</subfield>
          </datafield>
          <datafield ind1=" " ind2=" " tag="524">
            <subfield code="a">http://www.somc.rochester.edu/Oct01/SchwartzOct01.pdf</subfield>
          </datafield>
          <datafield ind1=" " ind2=" " tag="538">
            <subfield code="a">System requirements: PDF viewer/reader.</subfield>
          </datafield>
          <datafield ind1=" " ind2=" " tag="540">
            <subfield code="a">This item is protected by copyright, with all rights reserved.</subfield>
          </datafield>
          <datafield ind1=" " ind2=" " tag="653">
            <subfield code="a">economic policy.</subfield>
          </datafield>
          <datafield ind1=" " ind2=" " tag="653">
            <subfield code="a">Argentina.</subfield>
          </datafield>
          <datafield ind1=" " ind2=" " tag="653">
            <subfield code="a">Brazil.</subfield>
          </datafield>
          <datafield ind1=" " ind2=" " tag="653">
            <subfield code="a">Turkey.</subfield>
          </datafield>
          <datafield ind1=" " ind2=" " tag="653">
            <subfield code="a">International Monetary Fund.</subfield>
          </datafield>
          <datafield ind1=" " ind2="0" tag="830">
            <subfield code="a">PPS;</subfield>
            <subfield code="v">01-2</subfield>
          </datafield>
          <datafield ind1="4" ind2="0" tag="856">
            <subfield code="u">http://hdl.handle.net/1953/529</subfield>
          </datafield>
        </record>
      </metadata>
    </record>