
    <record>
      <header>
        <identifier>oai:urresearch3.rochester.edu:388</identifier>
        <datestamp>2004-07-28T18:52:05Z</datestamp>
        <setSpec>18:126</setSpec>
      </header>
      <metadata>
        <record xmlns="http://www.loc.gov/MARC21/slim">
          <leader>00000 am a2200000Ka 4500</leader>
          <controlfield tag="006">m        d        </controlfield>
          <controlfield tag="007">cr||||||||||||</controlfield>
          <controlfield tag="008">      s2001            s           eng  </controlfield>
          <datafield ind1="1" ind2=" " tag="100">
            <subfield code="a">Hess, Gregory D..</subfield>
            <subfield code="4">aut</subfield>
          </datafield>
          <datafield ind1="1" ind2="0" tag="245">
            <subfield code="a">Defending the Goal</subfield>
            <subfield code="h">[electronic resource] /</subfield>
            <subfield code="c">Gregory D. Hess.</subfield>
          </datafield>
          <datafield ind1=" " ind2=" " tag="260">
            <subfield code="a">Bradley Policy Research Center :</subfield>
            <subfield code="b">William E. Simon Graduate School of Business Administration, University of Rochester, </subfield>
            <subfield code="c">2001.</subfield>
          </datafield>
          <datafield ind1="1" ind2=" " tag="490">
            <subfield code="a">PPS;</subfield>
            <subfield code="v">01-2</subfield>
          </datafield>
          <datafield ind1="3" ind2=" " tag="520">
            <subfield code="a">In practice, the Federal Open Market Committee (FOMC) believes that it has a broad  mission to achieve three main goals. These are to:  &#xB7;  Maintain a low inflation environment.  &#xB7;  Stabilize the real economy.  &#xB7;  Underpin the soundness of the financial system.  There is little controversy over these laudable goals. There is plenty of controversy,  however, as to what is the best way to achieve all three goals. Many economists, including those  on the Shadow Open Market Committee, believe that the attainment of the second two goals &#x2013; a  stable real economy and a sound financial system &#x2013; can best be achieved through the attainment  of the first objective &#x2013; a low inflation environment. That is, the goals are not competing, but  complementary. The reason underlying this belief is that businesses and households can make  sounder long-term economic decisions when the overall price level is relatively stable. In turn,  these sounder decisions will make the real economy less volatile and financial markets less  skittish to changes in the economic environment.&lt;br&gt;&lt;br&gt;  To arrive at the conclusion that a low inflation environment should be the FOMC's main  priority, a policymaker would have to take an extremely long view of policy. And Washington  just does not seem to be focused on long-term policy analysis right now. John Maynard Keynes  once quipped that "in the long run we are all dead", so in that in this sense, policymakers are all  Keynesians now. Besides, perhaps there may even be some good reasons to focus on the short  term right now?</subfield>
          </datafield>
          <datafield ind1=" " ind2=" " tag="524">
            <subfield code="a">http://www.somc.rochester.edu/Oct01/HessOct01.pdf</subfield>
          </datafield>
          <datafield ind1=" " ind2=" " tag="538">
            <subfield code="a">System requirements: PDF viewer/reader.</subfield>
          </datafield>
          <datafield ind1=" " ind2=" " tag="540">
            <subfield code="a">This item is protected by copyright, with all rights reserved.</subfield>
          </datafield>
          <datafield ind1=" " ind2=" " tag="653">
            <subfield code="a">economic policy.</subfield>
          </datafield>
          <datafield ind1=" " ind2=" " tag="653">
            <subfield code="a">monetary policy.</subfield>
          </datafield>
          <datafield ind1=" " ind2=" " tag="653">
            <subfield code="a">Federal Open Market Committee.</subfield>
          </datafield>
          <datafield ind1=" " ind2="0" tag="830">
            <subfield code="a">PPS;</subfield>
            <subfield code="v">01-2</subfield>
          </datafield>
          <datafield ind1="4" ind2="0" tag="856">
            <subfield code="u">http://hdl.handle.net/1953/530</subfield>
          </datafield>
        </record>
      </metadata>
    </record>