
    <record>
      <header>
        <identifier>oai:urresearch3.rochester.edu:389</identifier>
        <datestamp>2004-07-28T18:54:59Z</datestamp>
        <setSpec>18:126</setSpec>
      </header>
      <metadata>
        <record xmlns="http://www.loc.gov/MARC21/slim">
          <leader>00000 am a2200000Ka 4500</leader>
          <controlfield tag="006">m        d        </controlfield>
          <controlfield tag="007">cr||||||||||||</controlfield>
          <controlfield tag="008">      s2001            s           eng  </controlfield>
          <datafield ind1="1" ind2=" " tag="100">
            <subfield code="a">Stockman, Alan C..</subfield>
            <subfield code="4">aut</subfield>
          </datafield>
          <datafield ind1="1" ind2="0" tag="245">
            <subfield code="a">Only Real Solution to the Social Security Problem</subfield>
            <subfield code="h">[electronic resource] /</subfield>
            <subfield code="c">Alan C. Stockman.</subfield>
          </datafield>
          <datafield ind1=" " ind2=" " tag="260">
            <subfield code="a">Bradley Policy Research Center :</subfield>
            <subfield code="b">William E. Simon Graduate School of Business Administration, University of Rochester, </subfield>
            <subfield code="c">2001.</subfield>
          </datafield>
          <datafield ind1="1" ind2=" " tag="490">
            <subfield code="a">PPS;</subfield>
            <subfield code="v">01-2</subfield>
          </datafield>
          <datafield ind1="3" ind2=" " tag="520">
            <subfield code="a">Social Security is the largest single program in the U.S. federal government budget,  accounting for about 23 percent of all federal spending. Taxes to finance Social Security  add substantially to overall marginal tax rates on the incomes earned by most Americans,  and many pay more Social Security taxes than federal income taxes. Consequently, issues  associated with Social Security, including its effects on employment and economic growth,  the implicit rate of return it provides on saving for retirement, and its effects on the  distribution of income across generations, genders, races, and income classes, have  generated substantial public debate. One particular issue stands out, however: under  current law, the system will require the federal government either to raise taxes, reduce  benefits, cut other spending programs, or raise the federal debt starting in about 2016. The  system's fiscal problems led to the creation of the President's Commission to Strengthen  Social Security. That commission's ongoing work was delayed by the terrorist attacks of  September 11.&lt;br&gt;&lt;br&gt;  Despite the large quantity of public debate and discussion on Social Security, its  problems, and potential reforms, most of that discussion obscures the key problem with  minor points, irrelevancies, and politically-motivated rhetoric. The key problem is simple:  Demographic changes in the United States, associated with retirement of the baby-boom  generation, will create a problem for the Social Security system in the coming decades.  More people will be retired, collecting Social Security benefits, and the United States will  have fewer workers per recipient.</subfield>
          </datafield>
          <datafield ind1=" " ind2=" " tag="524">
            <subfield code="a">http://www.somc.rochester.edu/Oct01/StockmanOct01.pdf</subfield>
          </datafield>
          <datafield ind1=" " ind2=" " tag="538">
            <subfield code="a">System requirements: PDF viewer/reader.</subfield>
          </datafield>
          <datafield ind1=" " ind2=" " tag="540">
            <subfield code="a">This item is protected by copyright, with all rights reserved.</subfield>
          </datafield>
          <datafield ind1=" " ind2=" " tag="653">
            <subfield code="a">economic policy.</subfield>
          </datafield>
          <datafield ind1=" " ind2=" " tag="653">
            <subfield code="a">Social Security.</subfield>
          </datafield>
          <datafield ind1=" " ind2="0" tag="830">
            <subfield code="a">PPS;</subfield>
            <subfield code="v">01-2</subfield>
          </datafield>
          <datafield ind1="4" ind2="0" tag="856">
            <subfield code="u">http://hdl.handle.net/1953/531</subfield>
          </datafield>
        </record>
      </metadata>
    </record>