
    <record>
      <header>
        <identifier>oai:urresearch3.rochester.edu:390</identifier>
        <datestamp>2004-07-28T18:57:20Z</datestamp>
        <setSpec>18:126</setSpec>
      </header>
      <metadata>
        <record xmlns="http://www.loc.gov/MARC21/slim">
          <leader>00000 am a2200000Ka 4500</leader>
          <controlfield tag="006">m        d        </controlfield>
          <controlfield tag="007">cr||||||||||||</controlfield>
          <controlfield tag="008">      s2001            s           eng  </controlfield>
          <datafield ind1="1" ind2=" " tag="100">
            <subfield code="a">McCallum, Bennett T..</subfield>
            <subfield code="4">aut</subfield>
          </datafield>
          <datafield ind1="1" ind2="0" tag="245">
            <subfield code="a">Japanese Monetary Policy Again</subfield>
            <subfield code="h">[electronic resource] /</subfield>
            <subfield code="c">Bennett T. McCallum.</subfield>
          </datafield>
          <datafield ind1=" " ind2=" " tag="260">
            <subfield code="a">Bradley Policy Research Center :</subfield>
            <subfield code="b">William E. Simon Graduate School of Business Administration, University of Rochester, </subfield>
            <subfield code="c">2001.</subfield>
          </datafield>
          <datafield ind1="1" ind2=" " tag="490">
            <subfield code="a">PPS;</subfield>
            <subfield code="v">01-2</subfield>
          </datafield>
          <datafield ind1="3" ind2=" " tag="520">
            <subfield code="a">At our last meeting of the Shadow Open Market Committee, in April, I discussed Japanese monetary policy. Specifically, I argued (i) that it has been overly restrictive for almost a decade, (ii) that the Bank of Japan's policy changes of March 19, 2001, are welcome but probably insufficient, (iii) that a desirable strategy would be to create new base money more rapidly by unsterilized purchases of foreign exchange, and (iv) that such a policy would not be detrimental to the U.S. or Asian economies and should not be opposed by the United States. In addition, some incomplete and highly preliminary estimates of the effects of such a policy were offered. Since that time, the Japanese economy has moved toward outright recession and calls for additional stimulus from the Bank of Japan (BOJ) have become more prominent. &lt;br&gt;&lt;br&gt;In the current paper, accordingly, I will continue this discussion of Japanese monetary policy. The specific issues to be covered are as follows. First, for a proper understanding of the current situation it is important to recognize that purchase of non-traditional assets is necessary for monetary policy to be helpfully stimulative. Second, the BOJ has been very reluctant to purchase the most promising type of asset&#x2014;foreign exchange&#x2014;partly because of a belief that such a policy would be inconsistent with its legal charter. Third, that interpretation is debatable since there seems to be an inconsistency in the law; in any case an    impediment from this source could almost certainly be easily overcome. Fourth, it is highly unfortunate that exchange rate policy is widely regarded as something basically different from monetary policy. In fact, monetary and exchange rate policies are so closely linked that it is probably best to think of them as two aspects of the same basic policy.</subfield>
          </datafield>
          <datafield ind1=" " ind2=" " tag="524">
            <subfield code="a">http://www.somc.rochester.edu/Oct01/McCallumOct01.pdf</subfield>
          </datafield>
          <datafield ind1=" " ind2=" " tag="538">
            <subfield code="a">System requirements: PDF viewer/reader.</subfield>
          </datafield>
          <datafield ind1=" " ind2=" " tag="540">
            <subfield code="a">This item is protected by copyright, with all rights reserved.</subfield>
          </datafield>
          <datafield ind1=" " ind2=" " tag="653">
            <subfield code="a">economic policy.</subfield>
          </datafield>
          <datafield ind1=" " ind2=" " tag="653">
            <subfield code="a">Bank of Japan.</subfield>
          </datafield>
          <datafield ind1=" " ind2=" " tag="653">
            <subfield code="a">Japan.</subfield>
          </datafield>
          <datafield ind1=" " ind2="0" tag="830">
            <subfield code="a">PPS;</subfield>
            <subfield code="v">01-2</subfield>
          </datafield>
          <datafield ind1="4" ind2="0" tag="856">
            <subfield code="u">http://hdl.handle.net/1953/532</subfield>
          </datafield>
        </record>
      </metadata>
    </record>