
    <record>
      <header>
        <identifier>oai:urresearch3.rochester.edu:391</identifier>
        <datestamp>2004-07-28T19:00:37Z</datestamp>
        <setSpec>18:126</setSpec>
      </header>
      <metadata>
        <record xmlns="http://www.loc.gov/MARC21/slim">
          <leader>00000 am a2200000Ka 4500</leader>
          <controlfield tag="006">m        d        </controlfield>
          <controlfield tag="007">cr||||||||||||</controlfield>
          <controlfield tag="008">      s2001            s           eng  </controlfield>
          <datafield ind1="1" ind2=" " tag="100">
            <subfield code="a">Hoskins, Lee.</subfield>
            <subfield code="4">aut</subfield>
          </datafield>
          <datafield ind1="1" ind2="0" tag="245">
            <subfield code="a">Property Right and Wealth</subfield>
            <subfield code="h">[electronic resource] /</subfield>
            <subfield code="c">Lee Hoskins.</subfield>
          </datafield>
          <datafield ind1=" " ind2=" " tag="260">
            <subfield code="a">Bradley Policy Research Center :</subfield>
            <subfield code="b">William E. Simon Graduate School of Business Administration, University of Rochester, </subfield>
            <subfield code="c">2001.</subfield>
          </datafield>
          <datafield ind1="1" ind2=" " tag="490">
            <subfield code="a">PPS;</subfield>
            <subfield code="v">01-2</subfield>
          </datafield>
          <datafield ind1=" " ind2=" " tag="500">
            <subfield code="a">Remarks are based on a forthcoming paper by Ana Eiras and me to be published in the "2002 Index of  Economic Freedom, " sponsored and produced by the Heritage Foundation and The Wall Street Journal.</subfield>
          </datafield>
          <datafield ind1="3" ind2=" " tag="520">
            <subfield code="a">At the end of the day, democratic national governments have but one  overriding objective: to protect the life and property of their citizens from foreign  or domestic threats. Terrorism exacts a truly terrible toll on human beings  around the world and it undermines and weakens the very foundations that have  allowed societies around the globe to improve their standard of living. Coalition  governments, working to eradicate terrorism, not only secure life but also secure  property in the Madison sense of the word which helps lift millions from the  misery of poverty.&lt;br&gt;&lt;br&gt;  The pursuit of self-interest and the desire to improve living standards are  widespread and fundamental across societies. Yet some societies are much  more effective than others in creating wealth and improving the human condition.  All too often, a focus on the benefits of pursuing what is in our best interest  overlooks the importance of the legal and institutional structure within which selfinterest  is pursued. That legal structure&#x2014;the presence or absence of private  property rights and their rightful enforcement&#x2014;is a crucial determinant of the  wealth of nations. Indeed, a casual look around the world today suggests that the  progress of economies that ignore this fundamental aspect of economics has  creaked to a halt, while the fortunes of those that prized it have soared.&lt;br&gt;&lt;br&gt;  Economists, with few exceptions, recognize the ability of worldwide open  markets to raise living standards and limit the scope of government intrusion into  economic affairs. They have given less recognition, however, to the source of the  power to raise living standards&#x2014;privately owned and transferable rights to  resources. This is an important oversight and one that should be corrected if we  are to understand why some economies remain trapped in poverty and others  create wealth.</subfield>
          </datafield>
          <datafield ind1=" " ind2=" " tag="524">
            <subfield code="a">http://www.somc.rochester.edu/Oct01/HoskinsOct01.pdf</subfield>
          </datafield>
          <datafield ind1=" " ind2=" " tag="538">
            <subfield code="a">System requirements: PDF viewer/reader.</subfield>
          </datafield>
          <datafield ind1=" " ind2=" " tag="540">
            <subfield code="a">This item is protected by copyright, with all rights reserved.</subfield>
          </datafield>
          <datafield ind1=" " ind2=" " tag="653">
            <subfield code="a">property rights.</subfield>
          </datafield>
          <datafield ind1=" " ind2=" " tag="653">
            <subfield code="a">economic policy.</subfield>
          </datafield>
          <datafield ind1=" " ind2="0" tag="830">
            <subfield code="a">PPS;</subfield>
            <subfield code="v">01-2</subfield>
          </datafield>
          <datafield ind1="4" ind2="0" tag="856">
            <subfield code="u">http://hdl.handle.net/1953/533</subfield>
          </datafield>
        </record>
      </metadata>
    </record>