
    <record>
      <header>
        <identifier>oai:urresearch3.rochester.edu:394</identifier>
        <datestamp>2004-08-02T22:31:18Z</datestamp>
        <setSpec>37:79</setSpec>
      </header>
      <metadata>
        <record xmlns="http://www.loc.gov/MARC21/slim">
          <leader>00000 am a2200000Ka 4500</leader>
          <controlfield tag="006">m        d        </controlfield>
          <controlfield tag="007">cr||||||||||||</controlfield>
          <controlfield tag="008">      s2004            obm   000 0 eng  </controlfield>
          <datafield ind1="1" ind2=" " tag="100">
            <subfield code="a">Ramirez, Servio.</subfield>
            <subfield code="4">aut</subfield>
          </datafield>
          <datafield ind1="1" ind2="0" tag="245">
            <subfield code="a">Strategies for Neuroprotection Using Passive (Neurotrophin-Deprivation) and Active (Virotoxin Exposure) Models of Neuronal Cell Death</subfield>
            <subfield code="h">[electronic resource] /</subfield>
            <subfield code="c">Servio Ramirez.</subfield>
          </datafield>
          <datafield ind1=" " ind2=" " tag="260">
            <subfield code="c">2004.</subfield>
          </datafield>
          <datafield ind1="3" ind2=" " tag="520">
            <subfield code="a">The overall goal of this thesis was to examine the following hypothesis: that important molecular regulators of neural fate are shared between divergent experimental/cellular paradigms, and that the identification of such pathways might lead to new therapeutic insights for neurologic diseases, including neuroAIDS. In order to approach this hypothesis, I utilized two well-characterized, but highly divergent in vitro model systems: (i) toxin-induced apoptosis in CNS-derived neurons (as represented by exposure of cerebellar granule neurons [CGN] to HIV-1 Tat) and (ii) neurotrophin withdrawal-induced cell death in sympathetic neurons. Our laboratory had previously shown that the transcription factor NF&#x3BA;B was a survival factor for sympathetic neurons, and that continuous neurotrophin exposure was necessary to maintain high levels of NF&#x3BA;B activity in these cells. I therefore hypothesized that neurotrophin-mediated NF&#x3BA;B activation might also enhance the survival of Tat-exposed CGNs. Results presented in this thesis show that several different neurotrophins were indeed able to inhibit Tat-mediated neurotoxicity in CGN cells, via the activation of NF&#x3BA;B. Follow-up experiments revealed that NF&#x3BA;B's protective effects were mediated in part via the activation of downstream target genes such as BCL-2, and in part by NF&#x3BA;B's ability to successfully compete away key transcriptional coactivators (CBP/p300) from pro-apoptotic transcription factors such as Jun. In the final portion of this thesis, I returned to the NGF-deprivation paradigm in order to determine whether a small molecule with known neuroprotective activity in CNS-derived neurons (adenosine) might also enhance the survival of NGF-deprived sympathetic neurons. Experimental analysis revealed that adenosine did indeed enhance the survival of NGF-deprived sympathetic neurons, and that this effect could be reproduced by use of an A2A adenosine receptor subtype-specific agonist (CGS21680); the ERK1/2 (MAPK) pathway was also implicated as an important contributor to this survival-promoting effect. Overall, this thesis reveals important common pathways and regulators of neuronal cell fate; it is hoped that future work will successfully target these survival pathways in order to improve the outcomes of a range of neurologic diseases (including neuroAIDS).</subfield>
          </datafield>
          <datafield ind1=" " ind2=" " tag="538">
            <subfield code="a">System requirements: PDF viewer/reader.</subfield>
          </datafield>
          <datafield ind1=" " ind2=" " tag="540">
            <subfield code="a">This item is protected by copyright, with all rights reserved.</subfield>
          </datafield>
          <datafield ind1=" " ind2=" " tag="653">
            <subfield code="a">Neurotrophin.</subfield>
          </datafield>
          <datafield ind1=" " ind2=" " tag="653">
            <subfield code="a">NeuroAIDS.</subfield>
          </datafield>
          <datafield ind1=" " ind2="7" tag="655">
            <subfield code="a">Electronic dissertations.</subfield>
            <subfield code="2">lcgft</subfield>
          </datafield>
          <datafield ind1="4" ind2="0" tag="856">
            <subfield code="u">http://hdl.handle.net/1953/541</subfield>
          </datafield>
        </record>
      </metadata>
    </record>