
    <record>
      <header>
        <identifier>oai:urresearch3.rochester.edu:395</identifier>
        <datestamp>2004-08-02T23:59:57Z</datestamp>
        <setSpec>37:79</setSpec>
      </header>
      <metadata>
        <record xmlns="http://www.loc.gov/MARC21/slim">
          <leader>00000 am a2200000Ka 4500</leader>
          <controlfield tag="006">m        d        </controlfield>
          <controlfield tag="007">cr||||||||||||</controlfield>
          <controlfield tag="008">      s2004            obm   000 0 eng  </controlfield>
          <datafield ind1="1" ind2=" " tag="100">
            <subfield code="a">Richards Gunzler, Julie.</subfield>
            <subfield code="4">aut</subfield>
          </datafield>
          <datafield ind1="1" ind2="0" tag="245">
            <subfield code="a">Identification and functional characterization of novel receptor ligands of CD40 and alpha(v) beta(3) integrin: implications for gene delivery</subfield>
            <subfield code="h">[electronic resource] /</subfield>
            <subfield code="c">Julie Richards Gunzler.</subfield>
          </datafield>
          <datafield ind1=" " ind2=" " tag="260">
            <subfield code="c">2004.</subfield>
          </datafield>
          <datafield ind1="3" ind2=" " tag="520">
            <subfield code="a">Gene delivery to target tissues is often limited by the native tropism of the viral or non-viral vector used. Failure to infect the target cell of choice may limit the use of an otherwise advantageous vector; conversely, a vector with broad tropism may require a higher introduced dose which may increase immunogenicity or pathogenicity. Recent advances in technology have allowed for modification of gene delivery vectors with molecules ranging in size from short peptides to polypeptides  such as single chain variable regions (scFvs). Since our lab has an interest in exploring gene delivery for tumor therapy and vaccination, we selected two model  receptor systems for ligand selection: CD40 and alpha(V) beta(3) integrin. Both receptors are expressed on dendritic cells, tumor cells and endothelium. However, CD40 and alpha(V) beta(3) have different roles in antigen presentation, dendritic cell maturation, and tumor biology. Using phage display technology, we selected for linear CD40-binding peptides containing a novel FPGN consensus sequence that dramatically enhance  infection of CD40-positive cells, including both murine and human dendritic cells. These peptides could be incorporated into a variety of viral capsid proteins and other gene delivery systems. Using a phage display scaffold based on the tenth fibronectin  type III domain (FNfn10), we developed a modified domain, 3JCLI4-FNfn10, which acts as an antibody mimic when binding to avb3. 3JCLI4-FNfn10 binds to alpha(V) beta(3) with high affinity similarly to the disintegrin echistatin. Specifity of 3JCLI4-FNfn10 for  alpha(V) beta(3) integrin binding over related integrins was demonstrated on plate-immobilized purified integrins, by flow cytometric analysis on K562 cell lines expressing a panel of different integrins. and by its ability to inhibit alpha(V) beta(3)-cell adhesion but not alpha(5) beta(1)-mediated adhesion to fibronectin and with   minor cross-reactivity in inhibitng alpha(II) beta(3)-  mediated adhesion to vitronectin. Because 3JCLI4-FNfn10 is only 15kDa in size and extremely stable, it may be used to modify viral vectors in existing systems utilizing  scFv, as well having therapeutic potential for inhibiting alpha(V) beta(3) interactions in vivo. In conclusion, both the CD40-binding FPGN peptides and 3JCLI4-FNfn10 may be useful in retargeting gene delivery vectors for more efficient infection of CD40-positive or alpha(V) beta(3)-positive cells, including dendritic cells, solid tumors, and activated endothelial cells.</subfield>
          </datafield>
          <datafield ind1=" " ind2=" " tag="538">
            <subfield code="a">System requirements: PDF viewer/reader.</subfield>
          </datafield>
          <datafield ind1=" " ind2=" " tag="540">
            <subfield code="a">This item is protected by copyright, with all rights reserved.</subfield>
          </datafield>
          <datafield ind1=" " ind2=" " tag="653">
            <subfield code="a">CD40.</subfield>
          </datafield>
          <datafield ind1=" " ind2=" " tag="653">
            <subfield code="a">alpha(v) beta(3) integrin.</subfield>
          </datafield>
          <datafield ind1=" " ind2="7" tag="655">
            <subfield code="a">Electronic dissertations.</subfield>
            <subfield code="2">lcgft</subfield>
          </datafield>
          <datafield ind1="4" ind2="0" tag="856">
            <subfield code="u">http://hdl.handle.net/1953/547</subfield>
          </datafield>
        </record>
      </metadata>
    </record>