
    <record>
      <header>
        <identifier>oai:urresearch3.rochester.edu:396</identifier>
        <datestamp>2004-08-02T23:12:54Z</datestamp>
        <setSpec>25:63</setSpec>
      </header>
      <metadata>
        <record xmlns="http://www.loc.gov/MARC21/slim">
          <leader>00000 cm a2200000Ka 4500</leader>
          <controlfield tag="006">m        d        </controlfield>
          <controlfield tag="007">cr||||||||||||</controlfield>
          <controlfield tag="008">      s1907            s                </controlfield>
          <datafield ind1="1" ind2=" " tag="100">
            <subfield code="a">Hahn, Reynaldo,</subfield>
            <subfield code="d">1875-1947.</subfield>
            <subfield code="4">aut</subfield>
          </datafield>
          <datafield ind1="1" ind2="0" tag="245">
            <subfield code="a">Sonatina, piano, C major</subfield>
            <subfield code="h">[electronic resource] /</subfield>
            <subfield code="c">Reynaldo Hahn.</subfield>
          </datafield>
          <datafield ind1=" " ind2=" " tag="260">
            <subfield code="c">1907.</subfield>
          </datafield>
          <datafield ind1=" " ind2=" " tag="500">
            <subfield code="a">The pdf of this score has been temporarily removed while the copyright status is being reconsidered. We apologize for any inconvenience.</subfield>
          </datafield>
          <datafield ind1=" " ind2=" " tag="524">
            <subfield code="a">Sonatine en ut majeur pour piano / par Reynaldo Hahn.  Paris : Heugel, [1907]</subfield>
          </datafield>
          <datafield ind1=" " ind2=" " tag="540">
            <subfield code="a">This item is protected by copyright, with all rights reserved.</subfield>
          </datafield>
          <datafield ind1=" " ind2=" " tag="653">
            <subfield code="a">Sonatas (Piano).</subfield>
          </datafield>
          <datafield ind1="4" ind2="0" tag="856">
            <subfield code="u">http://hdl.handle.net/1953/542</subfield>
          </datafield>
        </record>
      </metadata>
    </record>