
    <record>
      <header>
        <identifier>oai:urresearch3.rochester.edu:397</identifier>
        <datestamp>2004-08-02T23:21:44Z</datestamp>
        <setSpec>25:63</setSpec>
      </header>
      <metadata>
        <record xmlns="http://www.loc.gov/MARC21/slim">
          <leader>00000 cm a2200000Ka 4500</leader>
          <controlfield tag="006">m        d        </controlfield>
          <controlfield tag="007">cr||||||||||||</controlfield>
          <controlfield tag="008">      s1890            s                </controlfield>
          <datafield ind1="1" ind2=" " tag="100">
            <subfield code="a">Perry, Edward Baxter,</subfield>
            <subfield code="d">1855-1924.</subfield>
            <subfield code="4">aut</subfield>
          </datafield>
          <datafield ind1="1" ind2="0" tag="245">
            <subfield code="a">Quartet, strings</subfield>
            <subfield code="h">[electronic resource] /</subfield>
            <subfield code="c">Edward Baxter Perry.</subfield>
          </datafield>
          <datafield ind1=" " ind2=" " tag="524">
            <subfield code="a">Quartett [for 2 violins, viola and violoncello].  London, Augener &amp; Co. [189-?]</subfield>
          </datafield>
        </record>
      </metadata>
    </record>