
    <record>
      <header>
        <identifier>oai:urresearch3.rochester.edu:398</identifier>
        <datestamp>2004-08-02T23:30:41Z</datestamp>
        <setSpec>25:63</setSpec>
      </header>
      <metadata>
        <record xmlns="http://www.loc.gov/MARC21/slim">
          <leader>00000 cm a2200000Ka 4500</leader>
          <controlfield tag="006">m        d        </controlfield>
          <controlfield tag="007">cr||||||||||||</controlfield>
          <controlfield tag="008">      s1913            s                </controlfield>
          <datafield ind1="1" ind2=" " tag="100">
            <subfield code="a">Lutz, Henri..</subfield>
            <subfield code="4">aut</subfield>
          </datafield>
          <datafield ind1="1" ind2="0" tag="245">
            <subfield code="a">Reverie; arr.</subfield>
            <subfield code="h">[electronic resource] /</subfield>
            <subfield code="c">Henri. Lutz.</subfield>
          </datafield>
          <datafield ind1=" " ind2=" " tag="260">
            <subfield code="c">1913.</subfield>
          </datafield>
          <datafield ind1=" " ind2=" " tag="524">
            <subfield code="a">Reverie, pour orchestre et violoncelle. [R&#xFFFD;duction pour violoncelle et piano].  Paris, Editions Maurice Senart, c1913</subfield>
          </datafield>
          <datafield ind1=" " ind2=" " tag="538">
            <subfield code="a">System requirements: PDF viewer/reader.</subfield>
          </datafield>
          <datafield ind1=" " ind2=" " tag="540">
            <subfield code="a">This item is protected by copyright, with all rights reserved.</subfield>
          </datafield>
          <datafield ind1=" " ind2=" " tag="653">
            <subfield code="a">Violoncello with orchestra Solo with piano..</subfield>
          </datafield>
          <datafield ind1="4" ind2="0" tag="856">
            <subfield code="u">http://hdl.handle.net/1953/544</subfield>
          </datafield>
        </record>
      </metadata>
    </record>