
    <record>
      <header>
        <identifier>oai:urresearch3.rochester.edu:399</identifier>
        <datestamp>2004-08-02T23:34:14Z</datestamp>
        <setSpec>25:63</setSpec>
      </header>
      <metadata>
        <record xmlns="http://www.loc.gov/MARC21/slim">
          <leader>00000 cm a2200000Ka 4500</leader>
          <controlfield tag="006">m        d        </controlfield>
          <controlfield tag="007">cr||||||||||||</controlfield>
          <controlfield tag="008">      s1910            s                </controlfield>
          <datafield ind1="1" ind2=" " tag="100">
            <subfield code="a">Allen, Paul Hastings,</subfield>
            <subfield code="d">1883-1952.</subfield>
            <subfield code="4">aut</subfield>
          </datafield>
          <datafield ind1="1" ind2="0" tag="245">
            <subfield code="a">Andantino, string quartet</subfield>
            <subfield code="h">[electronic resource] /</subfield>
            <subfield code="c">Paul Hastings Allen.</subfield>
          </datafield>
          <datafield ind1=" " ind2=" " tag="524">
            <subfield code="a">Andantino per violino 1o, violino 2o, viola e violoncello.  Firenze, G. Mignani [191-?]</subfield>
          </datafield>
        </record>
      </metadata>
    </record>