
    <record>
      <header>
        <identifier>oai:urresearch3.rochester.edu:400</identifier>
        <datestamp>2004-08-02T23:38:15Z</datestamp>
        <setSpec>25:63</setSpec>
      </header>
      <metadata>
        <record xmlns="http://www.loc.gov/MARC21/slim">
          <leader>00000 cm a2200000Ka 4500</leader>
          <controlfield tag="006">m        d        </controlfield>
          <controlfield tag="007">cr||||||||||||</controlfield>
          <controlfield tag="008">      s1890            s                </controlfield>
          <datafield ind1="1" ind2=" " tag="100">
            <subfield code="a">Molbe, H.</subfield>
            <subfield code="4">aut</subfield>
          </datafield>
          <datafield ind1="1" ind2="0" tag="245">
            <subfield code="a">Ronde de printemps. Duo fu&#x308;r Clarinette und Horn mit Piano, op. 78</subfield>
            <subfield code="h">[electronic resource] /</subfield>
            <subfield code="c">H Molbe.</subfield>
          </datafield>
          <datafield ind1=" " ind2=" " tag="260">
            <subfield code="a">Wien :</subfield>
            <subfield code="b">F. Ro&#x308;rich, vormals F. Wessely, </subfield>
            <subfield code="c">1890.</subfield>
          </datafield>
          <datafield ind1=" " ind2=" " tag="500">
            <subfield code="a">score and 2 parts. 34 cm.</subfield>
          </datafield>
          <datafield ind1=" " ind2=" " tag="538">
            <subfield code="a">System requirements: PDF viewer/reader.</subfield>
          </datafield>
          <datafield ind1=" " ind2=" " tag="540">
            <subfield code="a">This item is protected by copyright, with all rights reserved.</subfield>
          </datafield>
          <datafield ind1=" " ind2=" " tag="653">
            <subfield code="a">Trios (Piano, clarinet, horn) Scores and parts..</subfield>
          </datafield>
          <datafield ind1="4" ind2="0" tag="856">
            <subfield code="u">http://hdl.handle.net/1953/546</subfield>
          </datafield>
        </record>
      </metadata>
    </record>