
    <record>
      <header>
        <identifier>oai:urresearch3.rochester.edu:403</identifier>
        <datestamp>2004-08-03T22:59:33Z</datestamp>
        <setSpec>18:126</setSpec>
      </header>
      <metadata>
        <record xmlns="http://www.loc.gov/MARC21/slim">
          <leader>00000 am a2200000Ka 4500</leader>
          <controlfield tag="006">m        d        </controlfield>
          <controlfield tag="007">cr||||||||||||</controlfield>
          <controlfield tag="008">      s2001            s           eng  </controlfield>
          <datafield ind1="1" ind2=" " tag="100">
            <subfield code="a">Levy, Mickey D..</subfield>
            <subfield code="4">aut</subfield>
          </datafield>
          <datafield ind1="1" ind2="0" tag="245">
            <subfield code="a">Uneven Economic Slump</subfield>
            <subfield code="h">[electronic resource] /</subfield>
            <subfield code="c">Mickey D. Levy.</subfield>
          </datafield>
          <datafield ind1=" " ind2=" " tag="260">
            <subfield code="a">Bradley Policy Research Center :</subfield>
            <subfield code="b">William E. Simon Graduate School of Business Administration, University of Rochester, </subfield>
            <subfield code="c">2001.</subfield>
          </datafield>
          <datafield ind1="1" ind2=" " tag="490">
            <subfield code="a">PPS;</subfield>
            <subfield code="v">01-1</subfield>
          </datafield>
          <datafield ind1="3" ind2=" " tag="520">
            <subfield code="a">The current economic slump has resulted from the 1999-2000 monetary tightening that  generated slower demand, the negative supply shocks imposed by higher energy costs  and the dramatically higher costs of capital that have constrained production and  investment. The sharp reversal of these cyclical and structural factors that drove the  earlier robust economic performance and soaring NASDAQ have produced an uneven  economic deceleration: while consumer spending has slowed to a moderate growth pace  and housing activity has remained firm, businesses are aggressively cutting production  and capital spending, and profits are falling sharply, a reversal from their earlier doubledigit  gains. Slowing imports and a narrowing trade deficit will provide a partial offset to  weaker domestic demand. This pattern is expected to generate modest real GDP growth  in the first half of 2001, with moderate downside risks posed by slower consumption  growth. In lagged response, the unemployment rate is projected to rise to 5 percent by  year-end. Recent and expected further monetary easing are projected to stimulate  demand later this year, but lingering weakness in capital spending may inhibit the pace of  recovery. Meanwhile, core inflation has drifted up, and is well above the Federal  Reserve's long-run objective.&lt;br&gt;&lt;br&gt;  Insofar as the negative supply shocks constrain production and capacity growth while  monetary policy influences aggregate demand, the Fed's job is difficult. Monetary policy  is not capable of short-run smoothing of the negative implications of the supply  constraints. Nevertheless, the Fed is pressured to ease dramatically; effectively it is being  asked to address short-run issues beyond its control. In this environment, the Fed must  avoid over-managing the economy (or the stock market) and return to the pursuit of its  long-run objective of price stability.</subfield>
          </datafield>
          <datafield ind1=" " ind2=" " tag="524">
            <subfield code="a">http://www.somc.rochester.edu/Apr01/LevyApr01.pdf</subfield>
          </datafield>
          <datafield ind1=" " ind2=" " tag="538">
            <subfield code="a">System requirements: PDF viewer/reader.</subfield>
          </datafield>
          <datafield ind1=" " ind2=" " tag="540">
            <subfield code="a">This item is protected by copyright, with all rights reserved.</subfield>
          </datafield>
          <datafield ind1=" " ind2=" " tag="653">
            <subfield code="a">economic policy.</subfield>
          </datafield>
          <datafield ind1=" " ind2=" " tag="653">
            <subfield code="a">inflation.</subfield>
          </datafield>
          <datafield ind1=" " ind2=" " tag="653">
            <subfield code="a">NASDAQ.</subfield>
          </datafield>
          <datafield ind1=" " ind2="0" tag="830">
            <subfield code="a">PPS;</subfield>
            <subfield code="v">01-1</subfield>
          </datafield>
          <datafield ind1="4" ind2="0" tag="856">
            <subfield code="u">http://hdl.handle.net/1953/550</subfield>
          </datafield>
        </record>
      </metadata>
    </record>