
    <record>
      <header>
        <identifier>oai:urresearch3.rochester.edu:404</identifier>
        <datestamp>2004-08-03T23:13:37Z</datestamp>
        <setSpec>18:126</setSpec>
      </header>
      <metadata>
        <record xmlns="http://www.loc.gov/MARC21/slim">
          <leader>00000 am a2200000Ka 4500</leader>
          <controlfield tag="006">m        d        </controlfield>
          <controlfield tag="007">cr||||||||||||</controlfield>
          <controlfield tag="008">      s2001            s           eng  </controlfield>
          <datafield ind1="1" ind2=" " tag="100">
            <subfield code="a">Schwartz, Anna J..</subfield>
            <subfield code="4">aut</subfield>
          </datafield>
          <datafield ind1="1" ind2="0" tag="245">
            <subfield code="a">Implications of the Treasury Debt Paydown for Federal Reserve Open Market Operations</subfield>
            <subfield code="h">[electronic resource] /</subfield>
            <subfield code="c">Anna J. Schwartz.</subfield>
          </datafield>
          <datafield ind1=" " ind2=" " tag="260">
            <subfield code="a">Bradley Policy Research Center :</subfield>
            <subfield code="b">William E. Simon Graduate School of Business Administration, University of Rochester, </subfield>
            <subfield code="c">2001.</subfield>
          </datafield>
          <datafield ind1="1" ind2=" " tag="490">
            <subfield code="a">PPS;</subfield>
            <subfield code="v">01-1</subfield>
          </datafield>
          <datafield ind1="3" ind2=" " tag="520">
            <subfield code="a">In 2000, in 20 buyback operations, the Treasury purchased a total of $30 billion of par value  marketable debt that it had previously issued, with maturities ranging from 12 to 27 years. In  each of the first two quarters of 2001, it will purchase, in two buyback operations per month,  about $9 billion par value of outstanding Treasury debt. In line with the buybacks, the Treasury  has reduced its issues of new securities, but it has scheduled regular reopenings of auctions of  additional amounts of a previously issued security (instead of issuing a new one) in order to  maintain adequate sizes of individual maturities. The reopening of every other auction of five-,  ten-, and thirty-year maturities is smaller than the previously auctioned security. In addition, the  Treasury has reduced the issue sizes of two-year notes and inflation-indexed securities. It has  eliminated the April auction of the thirty-year inflation-indexed bond, and one-year bills  following the February 2001 auction.</subfield>
          </datafield>
          <datafield ind1=" " ind2=" " tag="524">
            <subfield code="a">http://www.somc.rochester.edu/Apr01/SchwartzApr01.pdf</subfield>
          </datafield>
          <datafield ind1=" " ind2=" " tag="538">
            <subfield code="a">System requirements: PDF viewer/reader.</subfield>
          </datafield>
          <datafield ind1=" " ind2=" " tag="540">
            <subfield code="a">This item is protected by copyright, with all rights reserved.</subfield>
          </datafield>
          <datafield ind1=" " ind2=" " tag="653">
            <subfield code="a">economic policy.</subfield>
          </datafield>
          <datafield ind1=" " ind2=" " tag="653">
            <subfield code="a">Federal Reserve.</subfield>
          </datafield>
          <datafield ind1=" " ind2=" " tag="653">
            <subfield code="a">treasury debt.</subfield>
          </datafield>
          <datafield ind1=" " ind2="0" tag="830">
            <subfield code="a">PPS;</subfield>
            <subfield code="v">01-1</subfield>
          </datafield>
          <datafield ind1="4" ind2="0" tag="856">
            <subfield code="u">http://hdl.handle.net/1953/551</subfield>
          </datafield>
        </record>
      </metadata>
    </record>