
    <record>
      <header>
        <identifier>oai:urresearch3.rochester.edu:406</identifier>
        <datestamp>2004-08-03T23:18:19Z</datestamp>
        <setSpec>18:126</setSpec>
      </header>
      <metadata>
        <record xmlns="http://www.loc.gov/MARC21/slim">
          <leader>00000 am a2200000Ka 4500</leader>
          <controlfield tag="006">m        d        </controlfield>
          <controlfield tag="007">cr||||||||||||</controlfield>
          <controlfield tag="008">      s2001            s           eng  </controlfield>
          <datafield ind1="1" ind2=" " tag="100">
            <subfield code="a">Stockman, Alan C..</subfield>
            <subfield code="4">aut</subfield>
          </datafield>
          <datafield ind1="1" ind2="0" tag="245">
            <subfield code="a">Case for a Tax Cut</subfield>
            <subfield code="h">[electronic resource] /</subfield>
            <subfield code="c">Alan C. Stockman.</subfield>
          </datafield>
          <datafield ind1=" " ind2=" " tag="260">
            <subfield code="a">Bradley Policy Research Center :</subfield>
            <subfield code="b">William E. Simon Graduate School of Business Administration, University of Rochester, </subfield>
            <subfield code="c">2001.</subfield>
          </datafield>
          <datafield ind1="1" ind2=" " tag="490">
            <subfield code="a">PPS;</subfield>
            <subfield code="v">01-1</subfield>
          </datafield>
          <datafield ind1="3" ind2=" " tag="520">
            <subfield code="a">Public debate on fiscal policy is remarkable for the absence of clear statements about its  objectives, the methods by which policies might achieve those objectives, and their costs and  benefits. The two fundamental questions, "What can fiscal policy achieve, and what should it try  to achieve," far from being philosophical, academic queries, are essential to provide practical  guidance for policy actions.</subfield>
          </datafield>
          <datafield ind1=" " ind2=" " tag="524">
            <subfield code="a">http://www.somc.rochester.edu/Apr01/StockmanApr01.pdf</subfield>
          </datafield>
          <datafield ind1=" " ind2=" " tag="538">
            <subfield code="a">System requirements: PDF viewer/reader.</subfield>
          </datafield>
          <datafield ind1=" " ind2=" " tag="540">
            <subfield code="a">This item is protected by copyright, with all rights reserved.</subfield>
          </datafield>
          <datafield ind1=" " ind2=" " tag="653">
            <subfield code="a">economic policy.</subfield>
          </datafield>
          <datafield ind1=" " ind2=" " tag="653">
            <subfield code="a">fiscal policy.</subfield>
          </datafield>
          <datafield ind1=" " ind2=" " tag="653">
            <subfield code="a">tax policy.</subfield>
          </datafield>
          <datafield ind1=" " ind2="0" tag="830">
            <subfield code="a">PPS;</subfield>
            <subfield code="v">01-1</subfield>
          </datafield>
          <datafield ind1="4" ind2="0" tag="856">
            <subfield code="u">http://hdl.handle.net/1953/553</subfield>
          </datafield>
        </record>
      </metadata>
    </record>