
    <record>
      <header>
        <identifier>oai:urresearch3.rochester.edu:408</identifier>
        <datestamp>2004-08-03T23:26:04Z</datestamp>
        <setSpec>18:126</setSpec>
      </header>
      <metadata>
        <record xmlns="http://www.loc.gov/MARC21/slim">
          <leader>00000 am a2200000Ka 4500</leader>
          <controlfield tag="006">m        d        </controlfield>
          <controlfield tag="007">cr||||||||||||</controlfield>
          <controlfield tag="008">      s2001            s           eng  </controlfield>
          <datafield ind1="1" ind2=" " tag="100">
            <subfield code="a">Hoskins, Lee.</subfield>
            <subfield code="4">aut</subfield>
          </datafield>
          <datafield ind1="1" ind2="0" tag="245">
            <subfield code="a">Comment on Monetary Policy</subfield>
            <subfield code="h">[electronic resource] /</subfield>
            <subfield code="c">Lee Hoskins.</subfield>
          </datafield>
          <datafield ind1=" " ind2=" " tag="260">
            <subfield code="a">Bradley Policy Research Center :</subfield>
            <subfield code="b">William E. Simon Graduate School of Business Administration, University of Rochester, </subfield>
            <subfield code="c">2001.</subfield>
          </datafield>
          <datafield ind1="1" ind2=" " tag="490">
            <subfield code="a">PPS;</subfield>
            <subfield code="v">01-1</subfield>
          </datafield>
          <datafield ind1="3" ind2=" " tag="520">
            <subfield code="a">"We are in danger of assigning to monetary policy a larger role than  it can perform, in danger of asking it to accomplish tasks that it cannot  achieve, and, as a result, in danger of preventing it from making the  contribution that it is capable of making."  Milton Friedman, 1968&lt;br&gt;&lt;br&gt;  At the time Milton Friedman made this statement many economist  and policy-makers had adopted the view that monetary policy could and should  be used to manage fluctuations in employment and output. What followed in the  decade of the 70's was the worst monetary policy performance in the last 50  years. We started the decade of the 70's with low single digit unemployment and  inflation rates and finished the decade with double-digit unemployment and  inflation rates. What happened? We had great expectations for monetary policy,  expectations that went far beyond the ability of monetary policy to achieve.  Every slowdown in the economy was pursued with and expansion of money  growth and when inflation began to rise the Fed belatedly slowed money growth  to stop it, sending the economy back into a slowdown. This decade long policy  produced rising peaks in both inflation and unemployment rates. The Fed spent  the better part of the next two decades unwinding the results of this policy  process. Fed policy &#x2013;makers gave overriding policy importance to long-term  price stability. As the Fed tamed inflation the unemployment rate fell to lows not  seen since the 60's.&lt;br&gt;&lt;br&gt;  Today, we are again placing great expectations on monetary policy.  Fed policy-makers are chasing a slowing economy with an expanding money  supply. Businessmen are pressing for lower interest rates to spur sales and  2  reduce inventories. Wall Street players are looking for lower interest rates from  the Fed to boost the stock market. Politicians and pundits applaud Fed actions  to lower interest rates. Are we again asking too much from monetary policy and  preventing it from making the real contribution it can make?</subfield>
          </datafield>
          <datafield ind1=" " ind2=" " tag="524">
            <subfield code="a">http://www.somc.rochester.edu/Apr01/HoskinsApr01.pdf</subfield>
          </datafield>
          <datafield ind1=" " ind2=" " tag="538">
            <subfield code="a">System requirements: PDF viewer/reader.</subfield>
          </datafield>
          <datafield ind1=" " ind2=" " tag="540">
            <subfield code="a">This item is protected by copyright, with all rights reserved.</subfield>
          </datafield>
          <datafield ind1=" " ind2=" " tag="653">
            <subfield code="a">economic policy.</subfield>
          </datafield>
          <datafield ind1=" " ind2=" " tag="653">
            <subfield code="a">monetary policy.</subfield>
          </datafield>
          <datafield ind1=" " ind2="0" tag="830">
            <subfield code="a">PPS;</subfield>
            <subfield code="v">01-1</subfield>
          </datafield>
          <datafield ind1="4" ind2="0" tag="856">
            <subfield code="u">http://hdl.handle.net/1953/555</subfield>
          </datafield>
        </record>
      </metadata>
    </record>