
    <record>
      <header>
        <identifier>oai:urresearch3.rochester.edu:409</identifier>
        <datestamp>2004-08-03T23:29:12Z</datestamp>
        <setSpec>18:126</setSpec>
      </header>
      <metadata>
        <record xmlns="http://www.loc.gov/MARC21/slim">
          <leader>00000 am a2200000Ka 4500</leader>
          <controlfield tag="006">m        d        </controlfield>
          <controlfield tag="007">cr||||||||||||</controlfield>
          <controlfield tag="008">      s2000            s           eng  </controlfield>
          <datafield ind1="1" ind2=" " tag="100">
            <subfield code="a">Shadow Open Market Committee,.</subfield>
            <subfield code="4">aut</subfield>
          </datafield>
          <datafield ind1="1" ind2="0" tag="245">
            <subfield code="a">Policy Statement</subfield>
            <subfield code="h">[electronic resource] /</subfield>
            <subfield code="c"> Shadow Open Market Committee.</subfield>
          </datafield>
          <datafield ind1=" " ind2=" " tag="260">
            <subfield code="a">Bradley Policy Research Center :</subfield>
            <subfield code="b">William E. Simon Graduate School of Business Administration, University of Rochester, </subfield>
            <subfield code="c">2000.</subfield>
          </datafield>
          <datafield ind1="1" ind2=" " tag="490">
            <subfield code="a">PPS;</subfield>
            <subfield code="v">00-2</subfield>
          </datafield>
          <datafield ind1="3" ind2=" " tag="520">
            <subfield code="a">Policy Statement of the Shadow Open Market Committee meeting of November 2000. Topics include Perpetuating Sound Monetary Policy; Fiscal and Budget Policy; and International Finance and Trade.</subfield>
          </datafield>
          <datafield ind1=" " ind2=" " tag="524">
            <subfield code="a">http://www.somc.rochester.edu/Nov00/StatementNov00.pdf</subfield>
          </datafield>
          <datafield ind1=" " ind2=" " tag="538">
            <subfield code="a">System requirements: PDF viewer/reader.</subfield>
          </datafield>
          <datafield ind1=" " ind2=" " tag="540">
            <subfield code="a">This item is protected by copyright, with all rights reserved.</subfield>
          </datafield>
          <datafield ind1=" " ind2=" " tag="653">
            <subfield code="a">economic policy.</subfield>
          </datafield>
          <datafield ind1=" " ind2=" " tag="653">
            <subfield code="a">monetary policy.</subfield>
          </datafield>
          <datafield ind1=" " ind2="0" tag="830">
            <subfield code="a">PPS;</subfield>
            <subfield code="v">00-2</subfield>
          </datafield>
          <datafield ind1="4" ind2="0" tag="856">
            <subfield code="u">http://hdl.handle.net/1953/556</subfield>
          </datafield>
        </record>
      </metadata>
    </record>