
    <record>
      <header>
        <identifier>oai:urresearch3.rochester.edu:410</identifier>
        <datestamp>2004-08-03T23:32:35Z</datestamp>
        <setSpec>18:126</setSpec>
      </header>
      <metadata>
        <record xmlns="http://www.loc.gov/MARC21/slim">
          <leader>00000 am a2200000Ka 4500</leader>
          <controlfield tag="006">m        d        </controlfield>
          <controlfield tag="007">cr||||||||||||</controlfield>
          <controlfield tag="008">      s2000            s           eng  </controlfield>
          <datafield ind1="1" ind2=" " tag="100">
            <subfield code="a">Levy, Mickey D..</subfield>
            <subfield code="4">aut</subfield>
          </datafield>
          <datafield ind1="1" ind2="0" tag="245">
            <subfield code="a">Economic and Financial Performance</subfield>
            <subfield code="h">[electronic resource] /</subfield>
            <subfield code="c">Mickey D. Levy.</subfield>
          </datafield>
          <datafield ind1=" " ind2=" " tag="260">
            <subfield code="a">Bradley Policy Research Center :</subfield>
            <subfield code="b">William E. Simon Graduate School of Business Administration, University of Rochester, </subfield>
            <subfield code="c">2000.</subfield>
          </datafield>
          <datafield ind1="1" ind2=" " tag="490">
            <subfield code="a">PPS;</subfield>
            <subfield code="v">00-2</subfield>
          </datafield>
          <datafield ind1="3" ind2=" " tag="520">
            <subfield code="a">In response to the extraordinary 4.6 percent average annualized economic growth  from 1996 through mid-2000 and the associated spike in labor productivity, most analysts  and policymakers raised their estimates of sustained potential growth, in some cases to  twice as fast as standard estimates of 2.25 percent of 10 years ago. Recently, several of  the factors that contributed to the out-sized growth--monetary ease, lower interest rates,  lower energy prices and a robust stock market--have reversed, and growth has begun to  decelerate. As this soft-landing unfolds, economic growth will moderate further and  corporate profits will continue to disappoint lofty expectations. While the spurt of  technological innovations will continue, overly-optimistic estimates of potential  economic growth likely will be revised down to very healthy but more realistic rates.  Higher energy prices have raised headline inflation after several years in which declining  energy prices suppressed inflation, but core inflation has remained low and is expected to  remain stable. The recent declines in the stock market, higher energy prices and financial  market turmoil have added uncertainty to the outlook for near-term economic activity. In  this context, the Federal Reserve must avoid the temptation to over-manage the economy  or financial markets, and continue to pursue its long-run objective of price stability.</subfield>
          </datafield>
          <datafield ind1=" " ind2=" " tag="524">
            <subfield code="a">http://www.somc.rochester.edu/Nov00/LevyOutlook.pdf</subfield>
          </datafield>
          <datafield ind1=" " ind2=" " tag="538">
            <subfield code="a">System requirements: PDF viewer/reader.</subfield>
          </datafield>
          <datafield ind1=" " ind2=" " tag="540">
            <subfield code="a">This item is protected by copyright, with all rights reserved.</subfield>
          </datafield>
          <datafield ind1=" " ind2=" " tag="653">
            <subfield code="a">economic policy.</subfield>
          </datafield>
          <datafield ind1=" " ind2="0" tag="830">
            <subfield code="a">PPS;</subfield>
            <subfield code="v">00-2</subfield>
          </datafield>
          <datafield ind1="4" ind2="0" tag="856">
            <subfield code="u">http://hdl.handle.net/1953/557</subfield>
          </datafield>
        </record>
      </metadata>
    </record>