
    <record>
      <header>
        <identifier>oai:urresearch3.rochester.edu:411</identifier>
        <datestamp>2004-08-03T23:40:41Z</datestamp>
        <setSpec>18:126</setSpec>
      </header>
      <metadata>
        <record xmlns="http://www.loc.gov/MARC21/slim">
          <leader>00000 am a2200000Ka 4500</leader>
          <controlfield tag="006">m        d        </controlfield>
          <controlfield tag="007">cr||||||||||||</controlfield>
          <controlfield tag="008">      s2000            s           eng  </controlfield>
          <datafield ind1="1" ind2=" " tag="100">
            <subfield code="a">Levy, Mickey D..</subfield>
            <subfield code="4">aut</subfield>
          </datafield>
          <datafield ind1="1" ind2="0" tag="245">
            <subfield code="a">Budget Surpluses and the End of Fiscal Restraint</subfield>
            <subfield code="h">[electronic resource] /</subfield>
            <subfield code="c">Mickey D. Levy.</subfield>
          </datafield>
          <datafield ind1=" " ind2=" " tag="260">
            <subfield code="a">Bradley Policy Research Center :</subfield>
            <subfield code="b">William E. Simon Graduate School of Business Administration, University of Rochester, </subfield>
            <subfield code="c">2000.</subfield>
          </datafield>
          <datafield ind1="1" ind2=" " tag="490">
            <subfield code="a">PPS;</subfield>
            <subfield code="v">00-2</subfield>
          </datafield>
          <datafield ind1="3" ind2=" " tag="520">
            <subfield code="a">The era of fiscal restraint has ended, as the politics of surpluses have replaced the  politics of deficits. The politics of deficits made its mark, fundamentally changing the  nature and role of federal finances. The dramatic shift from cash flow deficits to  surpluses involved reducing spending to its lowest portion of GDP since the 1960s and  increasing tax receipts to an historically high share. The spending reductions were  selective and uneven, dramatically altering the composition of spending by reducing the  government's purchases of goods and services that directly absorb national resources,  while significantly increasing the share of spending for entitlements and income  redistribution. True tax reform in the 1980s (the Tax Reform Act of 1986), which  lowered tax rates and broadened the base but had little effect on tax receipts as a percent  of GDP, gave way to a series of tax hikes in the 1990s. The combination of legislated tax  hikes, lower inflation, robust economic growth and capital gains has generated a bulge in  tax receipts. Even though current law projections of mounting cash flow surpluses are  too optimistic--they assume sustained high tax receipts as a percent of GDP and  adherence to the legal caps on discretionary spending--they redefine the thrust of the  fiscal debate.</subfield>
          </datafield>
          <datafield ind1=" " ind2=" " tag="524">
            <subfield code="a">http://www.somc.rochester.edu/Nov00/LevyBudget.pdf</subfield>
          </datafield>
          <datafield ind1=" " ind2=" " tag="538">
            <subfield code="a">System requirements: PDF viewer/reader.</subfield>
          </datafield>
          <datafield ind1=" " ind2=" " tag="540">
            <subfield code="a">This item is protected by copyright, with all rights reserved.</subfield>
          </datafield>
          <datafield ind1=" " ind2=" " tag="653">
            <subfield code="a">economic policy.</subfield>
          </datafield>
          <datafield ind1=" " ind2=" " tag="653">
            <subfield code="a">surplus.</subfield>
          </datafield>
          <datafield ind1=" " ind2="0" tag="830">
            <subfield code="a">PPS;</subfield>
            <subfield code="v">00-2</subfield>
          </datafield>
          <datafield ind1="4" ind2="0" tag="856">
            <subfield code="u">http://hdl.handle.net/1953/558</subfield>
          </datafield>
        </record>
      </metadata>
    </record>