
    <record>
      <header>
        <identifier>oai:urresearch3.rochester.edu:413</identifier>
        <datestamp>2011-03-01T17:28:35Z</datestamp>
        <setSpec>3:98</setSpec>
      </header>
      <metadata>
        <record xmlns="http://www.loc.gov/MARC21/slim">
          <leader>00000 am a2200000Ka 4500</leader>
          <controlfield tag="006">m        d        </controlfield>
          <controlfield tag="007">cr||||||||||||</controlfield>
          <controlfield tag="008">      s2000            s           eng  </controlfield>
          <datafield ind1="1" ind2=" " tag="100">
            <subfield code="a">Homan, Christopher M.,</subfield>
            <subfield code="d">1969-</subfield>
            <subfield code="4">aut</subfield>
          </datafield>
          <datafield ind1="1" ind2="0" tag="245">
            <subfield code="a">Low Ambiguity in Strong, Total, Associative, One-Way Functions</subfield>
            <subfield code="h">[electronic resource] /</subfield>
            <subfield code="c">Christopher M. Homan.</subfield>
          </datafield>
          <datafield ind1=" " ind2=" " tag="260">
            <subfield code="b">University of Rochester. Computer Science Department., </subfield>
            <subfield code="c">2000.</subfield>
          </datafield>
          <datafield ind1="1" ind2=" " tag="490">
            <subfield code="a">UR CSD;</subfield>
            <subfield code="v">TR734</subfield>
          </datafield>
          <datafield ind1="3" ind2=" " tag="520">
            <subfield code="a">Rabi and Sherman [1997] present a cryptographic paradigm based on associative, one-way functions that are strong (i.e., hard to invert even if one of their arguments is given) and total. Hemaspaandra and Rothe [1999] proved that such powerful one-way functions exist exactly if (standard) one-way functions exist, thus showing that the associative one-way function approach is as plausible as previous approaches. In the present paper, we study the degree of ambiguity of one-way functions. Rabi and Sherman showed that no associative one-way function (over a universe having at least two elements) can be unambiguous (i.e., one-to-one). Nonetheless, we prove that if standard, unambiguous, one-way functions exist, then there exist strong, total, associative, one-way functions that are \mathcal{O}(n)-to-one. This puts a reasonable upper bound on the ambiguity. Our other main results are: (1) P \neq FewP if and only if there exists an (n^{\mathcal{O}(1)})-to-one, strong, total AOWF. (2) No \mathcal{O}(1)-to-one total, associative functions exist in \Sigma^* \times \Sigma^* \rightarrow \Sigma^*. (3) For every nondecreasing, unbounded, total, recursive function g : \mathbb{N} \rightarrow \mathbb{N}, there is a g(n)-to-one, total, commutative, associative, recursive function in \Sigma^* \times \Sigma^* \rightarrow \Sigma^*.</subfield>
          </datafield>
          <datafield ind1=" " ind2=" " tag="540">
            <subfield code="a">This item is protected by copyright, with all rights reserved.</subfield>
          </datafield>
          <datafield ind1=" " ind2=" " tag="653">
            <subfield code="a">associativity.</subfield>
          </datafield>
          <datafield ind1=" " ind2=" " tag="653">
            <subfield code="a">computational complexity.</subfield>
          </datafield>
          <datafield ind1=" " ind2=" " tag="653">
            <subfield code="a">cryptocomplexity.</subfield>
          </datafield>
          <datafield ind1=" " ind2=" " tag="653">
            <subfield code="a">cryptography.</subfield>
          </datafield>
          <datafield ind1=" " ind2=" " tag="653">
            <subfield code="a">ambiguity.</subfield>
          </datafield>
          <datafield ind1=" " ind2=" " tag="653">
            <subfield code="a">algebraic cryptography.</subfield>
          </datafield>
          <datafield ind1=" " ind2=" " tag="653">
            <subfield code="a">one-way functions.</subfield>
          </datafield>
          <datafield ind1=" " ind2="0" tag="830">
            <subfield code="a">UR CSD;</subfield>
            <subfield code="v">TR734</subfield>
          </datafield>
          <datafield ind1="4" ind2="0" tag="856">
            <subfield code="u">http://hdl.handle.net/1953/561</subfield>
          </datafield>
        </record>
      </metadata>
    </record>