
    <record>
      <header>
        <identifier>oai:urresearch3.rochester.edu:417</identifier>
        <datestamp>2004-08-04T18:59:20Z</datestamp>
        <setSpec>18:126</setSpec>
      </header>
      <metadata>
        <record xmlns="http://www.loc.gov/MARC21/slim">
          <leader>00000 am a2200000Ka 4500</leader>
          <controlfield tag="006">m        d        </controlfield>
          <controlfield tag="007">cr||||||||||||</controlfield>
          <controlfield tag="008">      s2000            s           eng  </controlfield>
          <datafield ind1="1" ind2=" " tag="100">
            <subfield code="a">Hess, Gregory D..</subfield>
            <subfield code="4">aut</subfield>
          </datafield>
          <datafield ind1="1" ind2="0" tag="245">
            <subfield code="a">Oil and the Macroeconomy</subfield>
            <subfield code="h">[electronic resource] /</subfield>
            <subfield code="c">Gregory D. Hess.</subfield>
          </datafield>
          <datafield ind1=" " ind2=" " tag="260">
            <subfield code="a">Bradley Policy Research Center :</subfield>
            <subfield code="b">William E. Simon Graduate School of Business Administration, University of Rochester, </subfield>
            <subfield code="c">2000.</subfield>
          </datafield>
          <datafield ind1="1" ind2=" " tag="490">
            <subfield code="a">PPS;</subfield>
            <subfield code="v">00-2</subfield>
          </datafield>
          <datafield ind1="3" ind2=" " tag="520">
            <subfield code="a">Two empirical relationships about the effect of oil prices on the U.S. economy are well  accepted. The first is that while oil price increases lowered real GDP growth in the 1970's, since  then changes in oil prices have had no significant effect on U.S. economic activity. Second, while  oil price changes continue to change core inflation in the U.S. based only on their expenditure  share of price indices, since the 1980's they have no longer had an additional impact on core  inflation.&lt;br&gt;&lt;br&gt;  The Fed's reaction to oil price has also shifted. During the 1970's, prior to Paul  Volcker's chairmanship, the Fed tightened monetary policy in response to rising oil prices. This  policy response can be justified since, as pointed above, oil prices led core inflation during this  time period. Of course, history suggests that the Fed's responsiveness during this period was also  insufficiently aggressive to keep inflation from accelerating.&lt;br&gt;&lt;br&gt;  While oil prices changes do not seem to have played a direct role in Chairman Volcker's  implementation of monetary policy, during Chairman Greenspan's tenure the Fed has acted to  keep monetary policy looser in response to an oil price rise. Indeed, I calculate that the recent 50  percent rise in oil prices may account for the federal funds rate being 50 to 100 basis points  below where it would be otherwise.&lt;br&gt;&lt;br&gt;  This is not to say that Greenspan has taken his eye off inflation. He has managed to keep  inflation low and he has acted aggressively against increases in inflation expectations.  Nevertheless, the wisdom of this new accommodative response to oil price changes is unclear. Oil  price spikes (both up and down) are short lived and may not even have a direct effect on U.S.  economic activity, as recent evidence seems to indicate. A policy that responds to oil prices may  foster a monetary policy environment of "fine tuning", rather than one based on maintaining low  inflation.</subfield>
          </datafield>
          <datafield ind1=" " ind2=" " tag="524">
            <subfield code="a">http://www.somc.rochester.edu/Nov00/Hessoil.pdf</subfield>
          </datafield>
          <datafield ind1=" " ind2=" " tag="538">
            <subfield code="a">System requirements: PDF viewer/reader.</subfield>
          </datafield>
          <datafield ind1=" " ind2=" " tag="540">
            <subfield code="a">This item is protected by copyright, with all rights reserved.</subfield>
          </datafield>
          <datafield ind1=" " ind2=" " tag="653">
            <subfield code="a">economic policy.</subfield>
          </datafield>
          <datafield ind1=" " ind2=" " tag="653">
            <subfield code="a">oil.</subfield>
          </datafield>
          <datafield ind1=" " ind2="0" tag="830">
            <subfield code="a">PPS;</subfield>
            <subfield code="v">00-2</subfield>
          </datafield>
          <datafield ind1="4" ind2="0" tag="856">
            <subfield code="u">http://hdl.handle.net/1953/566</subfield>
          </datafield>
        </record>
      </metadata>
    </record>