
    <record>
      <header>
        <identifier>oai:urresearch3.rochester.edu:420</identifier>
        <datestamp>2011-03-01T17:28:35Z</datestamp>
        <setSpec>3:98</setSpec>
      </header>
      <metadata>
        <record xmlns="http://www.loc.gov/MARC21/slim">
          <leader>00000 am a2200000Ka 4500</leader>
          <controlfield tag="006">m        d        </controlfield>
          <controlfield tag="007">cr||||||||||||</controlfield>
          <controlfield tag="008">      s2001            s           eng  </controlfield>
          <datafield ind1="1" ind2=" " tag="100">
            <subfield code="a">Hemaspaandra, Edith.</subfield>
            <subfield code="4">aut</subfield>
          </datafield>
          <datafield ind1="1" ind2="0" tag="245">
            <subfield code="a">Using the No-Search Easy-Hard Technique for Downward Collapse</subfield>
            <subfield code="h">[electronic resource] /</subfield>
            <subfield code="c">Edith Hemaspaandra.</subfield>
          </datafield>
          <datafield ind1=" " ind2=" " tag="260">
            <subfield code="b">University of Rochester. Computer Science Department., </subfield>
            <subfield code="c">2001.</subfield>
          </datafield>
          <datafield ind1="1" ind2=" " tag="490">
            <subfield code="a">UR CSD;</subfield>
            <subfield code="v">TR752</subfield>
          </datafield>
          <datafield ind1="3" ind2=" " tag="520">
            <subfield code="a">The top part of the preceding figure [figure appears in actual paper] shows some classes from the (truth-table) bounded-query and boolean hierarchies. It is well-known that if either of these hierarchies collapses at a given level, then all higher levels of that hierarchy collapse to that same level. This is a standard ``upward translation of equality'' that has been known for over a decade. The issue of whether these hierarchies can translate equality {\em downwards\/} has proven vastly more challenging. In particular, with regard to the figure above, consider the following claim: $$P_{m-tt}^{\Sigma_k^p} = P_{m+1-tt}^{\Sigma_k^p} \implies DIFF_m(\Sigma_k^p) coDIFF_m(\Sigma_k^p) = BH(\Sigma_k^p).~~~~(*)$$ This claim, if true, says that equality translates downwards between levels of the bounded-query hierarchy and the boolean hierarchy levels that (before the fact) are immediately below them.   Until recently, it was not known whether~(*) {\em ever\/} held, except for the degenerate cases $m=0$ and $k=0$. Then Hemaspaandra, Hemaspaandra, and Hempel~\cite{hem-hem-hem:j:downward-translation} proved that~(*) holds for all $m$, for $k &gt; 2$. Buhrman and Fortnow~\cite{buh-for:j:two-queries} then showed that, when $k=2$,~($*$) holds for the case $m = 1$. In this paper, we prove that for the case $k=2$,~($*$) holds for all values of $m$. Since there is an oracle relative to which ``for $k=1$,~($*$) holds for all $m$'' fails~\cite{buh-for:j:two-queries}, our achievement of the $k=2$ case cannot to be strengthened to $k=1$ by any relativizable proof technique. The new downward translation we obtain also tightens the collapse in the polynomial hierarchy implied by a collapse in the bounded-query hierarchy of the second level of the polynomial hierarchy.</subfield>
          </datafield>
          <datafield ind1=" " ind2=" " tag="540">
            <subfield code="a">This item is protected by copyright, with all rights reserved.</subfield>
          </datafield>
          <datafield ind1=" " ind2=" " tag="653">
            <subfield code="a">downward-collapse.</subfield>
          </datafield>
          <datafield ind1=" " ind2=" " tag="653">
            <subfield code="a">no-search easy-hard technique.</subfield>
          </datafield>
          <datafield ind1=" " ind2=" " tag="653">
            <subfield code="a">computational complexity.</subfield>
          </datafield>
          <datafield ind1="1" ind2=" " tag="700">
            <subfield code="a">Hemaspaandra, Lane A..</subfield>
            <subfield code="4">aut</subfield>
          </datafield>
          <datafield ind1="1" ind2=" " tag="700">
            <subfield code="a">Hempel, Harald.</subfield>
            <subfield code="4">aut</subfield>
          </datafield>
          <datafield ind1=" " ind2="0" tag="830">
            <subfield code="a">UR CSD;</subfield>
            <subfield code="v">TR752</subfield>
          </datafield>
          <datafield ind1="4" ind2="0" tag="856">
            <subfield code="u">http://hdl.handle.net/1953/568</subfield>
          </datafield>
        </record>
      </metadata>
    </record>