
    <record>
      <header>
        <identifier>oai:urresearch3.rochester.edu:421</identifier>
        <datestamp>2011-03-01T17:28:35Z</datestamp>
        <setSpec>3:98</setSpec>
      </header>
      <metadata>
        <record xmlns="http://www.loc.gov/MARC21/slim">
          <leader>00000 am a2200000Ka 4500</leader>
          <controlfield tag="006">m        d        </controlfield>
          <controlfield tag="007">cr||||||||||||</controlfield>
          <controlfield tag="008">      s2001            s           eng  </controlfield>
          <datafield ind1="1" ind2=" " tag="100">
            <subfield code="a">Thakur, Mayur.</subfield>
            <subfield code="4">aut</subfield>
          </datafield>
          <datafield ind1="1" ind2="0" tag="245">
            <subfield code="a">Rice-Style Theorems for Complexity Theory</subfield>
            <subfield code="h">[electronic resource] /</subfield>
            <subfield code="c">Mayur Thakur.</subfield>
          </datafield>
          <datafield ind1=" " ind2=" " tag="260">
            <subfield code="b">University of Rochester. Computer Science Department., </subfield>
            <subfield code="c">2001.</subfield>
          </datafield>
          <datafield ind1="1" ind2=" " tag="490">
            <subfield code="a">UR CSD;</subfield>
            <subfield code="v">TR757</subfield>
          </datafield>
          <datafield ind1="3" ind2=" " tag="520">
            <subfield code="a">Rice's Theorem states that all nontrivial language properties of recursively enumerable sets are undecidable. Borchert and Stephan [BS00] started the search for complexity-theoretic analogs of Rice's Theorem, and proved that every nontrivial counting property of boolean circuits is UP-hard. Hemaspaandra and Rothe [HR00] improved the UP-hardness lower bound to UP_{O(1)}-hardness. The present paper raises the lower bound for nontrivial counting properties from UP_{O(1)}-hardness to FewP-hardness, i.e., from constant-ambiguity nondeterminism to polynomial-ambiguity nondeterminism. We also prove a Rice-style theorem for NP, namely that every nontrivial language property of NP sets is NP-hard, and we prove that every P-constructibly semi-switching counting property of circuits is PP-hard.</subfield>
          </datafield>
          <datafield ind1=" " ind2=" " tag="540">
            <subfield code="a">This item is protected by copyright, with all rights reserved.</subfield>
          </datafield>
          <datafield ind1=" " ind2=" " tag="653">
            <subfield code="a">counting properties.</subfield>
          </datafield>
          <datafield ind1=" " ind2=" " tag="653">
            <subfield code="a">ambiguity-bounded computation.</subfield>
          </datafield>
          <datafield ind1=" " ind2=" " tag="653">
            <subfield code="a">computational complexity.</subfield>
          </datafield>
          <datafield ind1=" " ind2=" " tag="653">
            <subfield code="a">Rice's Theorem.</subfield>
          </datafield>
          <datafield ind1=" " ind2=" " tag="653">
            <subfield code="a">boolean circuits.</subfield>
          </datafield>
          <datafield ind1="1" ind2=" " tag="700">
            <subfield code="a">Hemaspaandra, Lane A..</subfield>
            <subfield code="4">aut</subfield>
          </datafield>
          <datafield ind1=" " ind2="0" tag="830">
            <subfield code="a">UR CSD;</subfield>
            <subfield code="v">TR757</subfield>
          </datafield>
          <datafield ind1="4" ind2="0" tag="856">
            <subfield code="u">http://hdl.handle.net/1953/569</subfield>
          </datafield>
        </record>
      </metadata>
    </record>