
    <record>
      <header>
        <identifier>oai:urresearch3.rochester.edu:422</identifier>
        <datestamp>2004-08-04T19:12:32Z</datestamp>
        <setSpec>18:126</setSpec>
      </header>
      <metadata>
        <record xmlns="http://www.loc.gov/MARC21/slim">
          <leader>00000 am a2200000Ka 4500</leader>
          <controlfield tag="006">m        d        </controlfield>
          <controlfield tag="007">cr||||||||||||</controlfield>
          <controlfield tag="008">      s2000            s           eng  </controlfield>
          <datafield ind1="1" ind2=" " tag="100">
            <subfield code="a">Stockman, Alan C..</subfield>
            <subfield code="4">aut</subfield>
          </datafield>
          <datafield ind1="1" ind2="0" tag="245">
            <subfield code="a">Learning the Right Lessons from the Current Account Deficit and Dollar Appreciation</subfield>
            <subfield code="h">[electronic resource] /</subfield>
            <subfield code="c">Alan C. Stockman.</subfield>
          </datafield>
          <datafield ind1=" " ind2=" " tag="260">
            <subfield code="a">Bradley Policy Research Center :</subfield>
            <subfield code="b">William E. Simon Graduate School of Business Administration, University of Rochester, </subfield>
            <subfield code="c">2000.</subfield>
          </datafield>
          <datafield ind1="1" ind2=" " tag="490">
            <subfield code="a">PPS;</subfield>
            <subfield code="v">00-2</subfield>
          </datafield>
          <datafield ind1="3" ind2=" " tag="520">
            <subfield code="a">United States trade and current-account deficits have risen sharply in recent years. The  current account deficit reached 4.27 percent of GDP in the second quarter of 2000, and will  probably exceed that slightly in the third quarter. The U.S. trade deficit reached 4.06 percent of  GDP in the second quarter of 2000 and grew slightly to 4.08 percent of GDP in the third quarter.  Despite rapid growth in GDP, trade and current account deficits have risen even faster.  Meanwhile, the dollar has appreciated against most major currencies in the past two years,  rising about 30% against the Euro, and rising by 10% to 20% against many other currencies  (including the British pound, the Australian dollar, the New Zealand dollar, and the Swiss franc).  In contrast to the prognosticators' claims, repeated for more than a decade, that U.S. currentaccount  deficits would lead to dollar depreciation, the evidence refuses to cooperate with their  predictions. It is time for a new look at the lessons to be learned from the current account and  the exchange rate, and their implications for U.S. economic policy.</subfield>
          </datafield>
          <datafield ind1=" " ind2=" " tag="524">
            <subfield code="a">http://www.somc.rochester.edu/Nov00/StockmanTrade.pdf</subfield>
          </datafield>
          <datafield ind1=" " ind2=" " tag="538">
            <subfield code="a">System requirements: PDF viewer/reader.</subfield>
          </datafield>
          <datafield ind1=" " ind2=" " tag="540">
            <subfield code="a">This item is protected by copyright, with all rights reserved.</subfield>
          </datafield>
          <datafield ind1=" " ind2=" " tag="653">
            <subfield code="a">economic policy.</subfield>
          </datafield>
          <datafield ind1=" " ind2=" " tag="653">
            <subfield code="a">deficit.</subfield>
          </datafield>
          <datafield ind1=" " ind2="0" tag="830">
            <subfield code="a">PPS;</subfield>
            <subfield code="v">00-2</subfield>
          </datafield>
          <datafield ind1="4" ind2="0" tag="856">
            <subfield code="u">http://hdl.handle.net/1953/570</subfield>
          </datafield>
        </record>
      </metadata>
    </record>