
    <record>
      <header>
        <identifier>oai:urresearch3.rochester.edu:423</identifier>
        <datestamp>2004-08-04T19:14:39Z</datestamp>
        <setSpec>18:126</setSpec>
      </header>
      <metadata>
        <record xmlns="http://www.loc.gov/MARC21/slim">
          <leader>00000 am a2200000Ka 4500</leader>
          <controlfield tag="006">m        d        </controlfield>
          <controlfield tag="007">cr||||||||||||</controlfield>
          <controlfield tag="008">      s2000            s           eng  </controlfield>
          <datafield ind1="1" ind2=" " tag="100">
            <subfield code="a">McCallum, Bennett T..</subfield>
            <subfield code="4">aut</subfield>
          </datafield>
          <datafield ind1="1" ind2="0" tag="245">
            <subfield code="a">United States Deserves a Monetary Standard</subfield>
            <subfield code="h">[electronic resource] /</subfield>
            <subfield code="c">Bennett T. McCallum.</subfield>
          </datafield>
          <datafield ind1=" " ind2=" " tag="260">
            <subfield code="a">Bradley Policy Research Center :</subfield>
            <subfield code="b">William E. Simon Graduate School of Business Administration, University of Rochester, </subfield>
            <subfield code="c">2000.</subfield>
          </datafield>
          <datafield ind1="1" ind2=" " tag="490">
            <subfield code="a">PPS;</subfield>
            <subfield code="v">00-2</subfield>
          </datafield>
          <datafield ind1="3" ind2=" " tag="520">
            <subfield code="a">The United States is almost alone among industrial countries in having no  monetary standard. It has, that is, no institutionalized guarantee or even explicit objective  concerning the purchasing power of its money. Between 1971 and 1990, this was true of  most industrial countries but since then almost all others have adopted monetary policy  regimes that provide some guide to the future development of the purchasing power of  their monies, i.e., some objectives regarding future inflation rates. The eleven countries  of Euroland, including all the large economies of Western Europe except the United  Kingdom, have a monetary standard as a consequence of the statutes governing the  European Central Bank, while the U.K., Canada, Australia, New Zealand, Sweden, and  several other nations have standards as specified by their adoption of inflation targeting  regimes.1 By contrast, the commitment of the Federal Reserve to price stability is  determined primarily by the attitudes and beliefs of the members of the Federal Open  Market Committee&#x2014;especially those of the Chairman of the Federal Reserve's Board of  Governors.</subfield>
          </datafield>
          <datafield ind1=" " ind2=" " tag="524">
            <subfield code="a">http://www.somc.rochester.edu/Nov00/McCallum.pdf</subfield>
          </datafield>
          <datafield ind1=" " ind2=" " tag="538">
            <subfield code="a">System requirements: PDF viewer/reader.</subfield>
          </datafield>
          <datafield ind1=" " ind2=" " tag="540">
            <subfield code="a">This item is protected by copyright, with all rights reserved.</subfield>
          </datafield>
          <datafield ind1=" " ind2=" " tag="653">
            <subfield code="a">economic policy.</subfield>
          </datafield>
          <datafield ind1=" " ind2=" " tag="653">
            <subfield code="a">monetary policy.</subfield>
          </datafield>
          <datafield ind1=" " ind2="0" tag="830">
            <subfield code="a">PPS;</subfield>
            <subfield code="v">00-2</subfield>
          </datafield>
          <datafield ind1="4" ind2="0" tag="856">
            <subfield code="u">http://hdl.handle.net/1953/571</subfield>
          </datafield>
        </record>
      </metadata>
    </record>