
    <record>
      <header>
        <identifier>oai:urresearch3.rochester.edu:424</identifier>
        <datestamp>2011-03-01T17:28:35Z</datestamp>
        <setSpec>3:98</setSpec>
      </header>
      <metadata>
        <record xmlns="http://www.loc.gov/MARC21/slim">
          <leader>00000 am a2200000Ka 4500</leader>
          <controlfield tag="006">m        d        </controlfield>
          <controlfield tag="007">cr||||||||||||</controlfield>
          <controlfield tag="008">      s2001            s           eng  </controlfield>
          <datafield ind1="1" ind2=" " tag="100">
            <subfield code="a">Thakur, Mayur.</subfield>
            <subfield code="4">aut</subfield>
          </datafield>
          <datafield ind1="1" ind2="0" tag="245">
            <subfield code="a">One-Way Permutations and Self-Witnessing Languages</subfield>
            <subfield code="h">[electronic resource] /</subfield>
            <subfield code="c">Mayur Thakur.</subfield>
          </datafield>
          <datafield ind1=" " ind2=" " tag="260">
            <subfield code="b">University of Rochester. Computer Science Department., </subfield>
            <subfield code="c">2001.</subfield>
          </datafield>
          <datafield ind1="1" ind2=" " tag="490">
            <subfield code="a">UR CSD;</subfield>
            <subfield code="v">TR760</subfield>
          </datafield>
          <datafield ind1="3" ind2=" " tag="520">
            <subfield code="a">A desirable property of one-way functions is that they be total, one-to-one, and onto---in other words, that they be permutations. We prove that one-way permutations exist exactly if P is the intersection of UP and coUP. This provides the first characterization of the existence of one-way permutations based on a complexity-class separation and shows that their existence is equivalent to a number of previously studied complexity-theoretic hypotheses.   We also study permutations in the context of witness functions of nondeterministic Turing machines. A language is in PermUP if, relative to some unambiguous, nondeterministic, polynomial-time Turing machine accepting the language, the function mapping each string to its unique witness is a permutation of the members of the language. We show that under standard complexity-theoretic assumptions PermUP is a nontrivial subset of UP.     We study SelfNP, the set of all languages such that, relative to some nondeterministic, polynomial-time Turing machine that accepts the language, the set of all witnesses of strings in the language is identical to the language itself. We show that SAT is a member of SelfNP, and under standard complexity-theoretic assumptions, SelfNP is to equal to NP.</subfield>
          </datafield>
          <datafield ind1=" " ind2=" " tag="540">
            <subfield code="a">This item is protected by copyright, with all rights reserved.</subfield>
          </datafield>
          <datafield ind1=" " ind2=" " tag="653">
            <subfield code="a">one-to-one functions.</subfield>
          </datafield>
          <datafield ind1=" " ind2=" " tag="653">
            <subfield code="a">permutations.</subfield>
          </datafield>
          <datafield ind1=" " ind2=" " tag="653">
            <subfield code="a">self-witnessing languages.</subfield>
          </datafield>
          <datafield ind1=" " ind2=" " tag="653">
            <subfield code="a">one-way functions.</subfield>
          </datafield>
          <datafield ind1=" " ind2=" " tag="653">
            <subfield code="a">complexity-theoretic cryptography.</subfield>
          </datafield>
          <datafield ind1="1" ind2=" " tag="700">
            <subfield code="a">Homan, Christopher M.,</subfield>
            <subfield code="d">1969-</subfield>
            <subfield code="4">aut</subfield>
          </datafield>
          <datafield ind1=" " ind2="0" tag="830">
            <subfield code="a">UR CSD;</subfield>
            <subfield code="v">TR760</subfield>
          </datafield>
          <datafield ind1="4" ind2="0" tag="856">
            <subfield code="u">http://hdl.handle.net/1953/572</subfield>
          </datafield>
        </record>
      </metadata>
    </record>