
    <record>
      <header>
        <identifier>oai:urresearch3.rochester.edu:425</identifier>
        <datestamp>2004-08-04T19:18:09Z</datestamp>
        <setSpec>18:126</setSpec>
      </header>
      <metadata>
        <record xmlns="http://www.loc.gov/MARC21/slim">
          <leader>00000 am a2200000Ka 4500</leader>
          <controlfield tag="006">m        d        </controlfield>
          <controlfield tag="007">cr||||||||||||</controlfield>
          <controlfield tag="008">      s2000            s           eng  </controlfield>
          <datafield ind1="1" ind2=" " tag="100">
            <subfield code="a">Hoskins, Lee.</subfield>
            <subfield code="4">aut</subfield>
          </datafield>
          <datafield ind1="1" ind2="0" tag="245">
            <subfield code="a">Monetary Policy: Credible Commitments</subfield>
            <subfield code="h">[electronic resource] /</subfield>
            <subfield code="c">Lee Hoskins.</subfield>
          </datafield>
          <datafield ind1=" " ind2=" " tag="260">
            <subfield code="a">Bradley Policy Research Center :</subfield>
            <subfield code="b">William E. Simon Graduate School of Business Administration, University of Rochester, </subfield>
            <subfield code="c">2000.</subfield>
          </datafield>
          <datafield ind1="1" ind2=" " tag="490">
            <subfield code="a">PPS;</subfield>
            <subfield code="v">00-2</subfield>
          </datafield>
          <datafield ind1=" " ind2=" " tag="500">
            <subfield code="a">Much of this paper was presented at the Cato Institute conference on Monetary Policy in the New  Economy, October 19, 2000, Washington, D.C.</subfield>
          </datafield>
          <datafield ind1="3" ind2=" " tag="520">
            <subfield code="a">Currently, I am living in an area that has many small earthquakes. Earthquakes occur  when the plates of the earth shift. Scientists don't completely understand the shifting of the  plates, but many believe that this shifting may result in many small quakes or a few large  ones. I have no reason to believe that, if geologists suddenly discovered a way to delay  the next earthquake, then it would be good to do so. In fact, if the plates must shift, we  may only be causing a much worse quake if we try to prevent small ones.&lt;br&gt;&lt;br&gt;  I think that the same is true for economic booms and busts. Shifts are occurring in the  economy that economists and policymakers do not completely understand &#x2013; for example,  technology, productivity, and the changing tastes of consumers and investors. Some  shifts are considered to be uncontrollable, such as, droughts, oil spills, wars and cartels. If  we let market forces operate, these changes will be accommodated or corrected in a  natural and gradual fashion. Market forces work best in a stable policy environment.  Without a doubt, there will always be short-term difficulties, but it is to our long-term  advantage to allow for some shift in the economic "plates" as the world changes.&lt;br&gt;&lt;br&gt;  Perhaps the earthquake analogy seems a bit extreme (although I first made this  analogy a decade ago and my house is still standing). But it is no more extreme than the  idea that macro economic policy can or should be used to eliminate business fluctuations.  2  I am not in favor of recessions. On the contrary, I believe that variable and uncertain  macro policies exacerbate business fluctuations and often precipitate recessions.  Recessions will occur even under ideal monetary policies, but they will not be as frequent  or as severe.</subfield>
          </datafield>
          <datafield ind1=" " ind2=" " tag="524">
            <subfield code="a">http://www.somc.rochester.edu/Nov00/Hoskins.pdf</subfield>
          </datafield>
          <datafield ind1=" " ind2=" " tag="538">
            <subfield code="a">System requirements: PDF viewer/reader.</subfield>
          </datafield>
          <datafield ind1=" " ind2=" " tag="540">
            <subfield code="a">This item is protected by copyright, with all rights reserved.</subfield>
          </datafield>
          <datafield ind1=" " ind2=" " tag="653">
            <subfield code="a">economic policy.</subfield>
          </datafield>
          <datafield ind1=" " ind2=" " tag="653">
            <subfield code="a">monetary policy.</subfield>
          </datafield>
          <datafield ind1=" " ind2="0" tag="830">
            <subfield code="a">PPS;</subfield>
            <subfield code="v">00-2</subfield>
          </datafield>
          <datafield ind1="4" ind2="0" tag="856">
            <subfield code="u">http://hdl.handle.net/1953/573</subfield>
          </datafield>
        </record>
      </metadata>
    </record>