
    <record>
      <header>
        <identifier>oai:urresearch3.rochester.edu:428</identifier>
        <datestamp>2011-03-01T17:28:35Z</datestamp>
        <setSpec>3:98</setSpec>
      </header>
      <metadata>
        <record xmlns="http://www.loc.gov/MARC21/slim">
          <leader>00000 am a2200000Ka 4500</leader>
          <controlfield tag="006">m        d        </controlfield>
          <controlfield tag="007">cr||||||||||||</controlfield>
          <controlfield tag="008">      s2002            s           eng  </controlfield>
          <datafield ind1="1" ind2=" " tag="100">
            <subfield code="a">Cai, Jin-Yi.</subfield>
            <subfield code="4">aut</subfield>
          </datafield>
          <datafield ind1="1" ind2="0" tag="245">
            <subfield code="a">Competing Provers Yield Improved Karp-Lipton Collapse Results</subfield>
            <subfield code="h">[electronic resource] /</subfield>
            <subfield code="c">Jin-Yi Cai.</subfield>
          </datafield>
          <datafield ind1=" " ind2=" " tag="260">
            <subfield code="b">University of Rochester. Computer Science Department., </subfield>
            <subfield code="c">2002.</subfield>
          </datafield>
          <datafield ind1="1" ind2=" " tag="490">
            <subfield code="a">UR CSD;</subfield>
            <subfield code="v">TR759</subfield>
          </datafield>
          <datafield ind1="3" ind2=" " tag="520">
            <subfield code="a">Via competing provers, we show that if a language A is self-reducible and has polynomial-size circuits then S2(A)=S2. Building on this, we strengthen the Kaemper-AFK Theorem, namely, we prove that if NP subseteq (NP intersect coNP)/poly then the polynomial hierarchy collapses to S2(NP intersect coNP). We also strengthen Yap's Theorem, namely, we prove that if NP subseteq coNP/poly then the polynomial hierarchy collapses to S2(NP). Under the same assumptions, the best previously known collapses were to ZPP(NP) and ZPP(NP(NP)) respectively ([KW98,BCK+94], building on [KL80,AFK89,Kaem91,Yap83]). It is known that S2 subseteq ZPP(NP) [Cai01]. That result and its relativized version show that our new collapses indeed improve the previously known results. Since the Kaemper-AFK Theorem and Yap's Theorem are used in the literature as bridges in a variety of results---ranging from the study of unique solutions to issues of approximation---our results implicitly strengthen all those results.</subfield>
          </datafield>
          <datafield ind1=" " ind2=" " tag="540">
            <subfield code="a">This item is protected by copyright, with all rights reserved.</subfield>
          </datafield>
          <datafield ind1=" " ind2=" " tag="653">
            <subfield code="a">lownes.</subfield>
          </datafield>
          <datafield ind1=" " ind2=" " tag="653">
            <subfield code="a">structural complexity.</subfield>
          </datafield>
          <datafield ind1=" " ind2=" " tag="653">
            <subfield code="a">nonuniform complexity.</subfield>
          </datafield>
          <datafield ind1=" " ind2=" " tag="653">
            <subfield code="a">symmetric alternation.</subfield>
          </datafield>
          <datafield ind1=" " ind2=" " tag="653">
            <subfield code="a">Karp-Lipton Theorem.</subfield>
          </datafield>
          <datafield ind1=" " ind2=" " tag="653">
            <subfield code="a">Yap's Theorem.</subfield>
          </datafield>
          <datafield ind1=" " ind2=" " tag="653">
            <subfield code="a">Kaemper-AFK Theorem.</subfield>
          </datafield>
          <datafield ind1=" " ind2=" " tag="653">
            <subfield code="a">competing provers.</subfield>
          </datafield>
          <datafield ind1="1" ind2=" " tag="700">
            <subfield code="a">Chakaravarthy, V.T..</subfield>
            <subfield code="4">aut</subfield>
          </datafield>
          <datafield ind1="1" ind2=" " tag="700">
            <subfield code="a">Hemaspaandra, Lane A..</subfield>
            <subfield code="4">aut</subfield>
          </datafield>
          <datafield ind1="1" ind2=" " tag="700">
            <subfield code="a">Ogihara, Mitsunori,</subfield>
            <subfield code="d">1963-</subfield>
            <subfield code="4">aut</subfield>
          </datafield>
          <datafield ind1=" " ind2="0" tag="830">
            <subfield code="a">UR CSD;</subfield>
            <subfield code="v">TR759</subfield>
          </datafield>
          <datafield ind1="4" ind2="0" tag="856">
            <subfield code="u">http://hdl.handle.net/1953/594</subfield>
          </datafield>
        </record>
      </metadata>
    </record>