
    <record>
      <header>
        <identifier>oai:urresearch3.rochester.edu:431</identifier>
        <datestamp>2011-03-01T17:28:35Z</datestamp>
        <setSpec>3:98</setSpec>
      </header>
      <metadata>
        <record xmlns="http://www.loc.gov/MARC21/slim">
          <leader>00000 am a2200000Ka 4500</leader>
          <controlfield tag="006">m        d        </controlfield>
          <controlfield tag="007">cr||||||||||||</controlfield>
          <controlfield tag="008">      s2002            s           eng  </controlfield>
          <datafield ind1="1" ind2=" " tag="100">
            <subfield code="a">Ogihara, Mitsunori,</subfield>
            <subfield code="d">1963-</subfield>
            <subfield code="4">aut</subfield>
          </datafield>
          <datafield ind1="1" ind2="0" tag="245">
            <subfield code="a">On the Enumerability of the Determinant and the Rank</subfield>
            <subfield code="h">[electronic resource] /</subfield>
            <subfield code="c">Mitsunori  Ogihara.</subfield>
          </datafield>
          <datafield ind1=" " ind2=" " tag="260">
            <subfield code="b">University of Rochester. Computer Science Department., </subfield>
            <subfield code="c">2002.</subfield>
          </datafield>
          <datafield ind1="1" ind2=" " tag="490">
            <subfield code="a">UR CSD;</subfield>
            <subfield code="v">TR770</subfield>
          </datafield>
          <datafield ind1="3" ind2=" " tag="520">
            <subfield code="a">We investigate the complexity of enumerative approximation of two elementary problems in linear algebra, computing the rank and the determinant of a matrix. In particular, we show that if there exists an enumerator that, given a matrix, outputs a list of constantly many numbers, one of which is guaranteed to be the rank of the matrix, then it can be determined in AC^0 (with oracle access to the enumerator) which of these numbers is the rank. Thus, for example, if the enumerator is an FL function, then the problem of computing the rank is in FL. The result holds for matrices over any commutative ring whose size grows at most polynomially with the size of the matrix. The existence of such an enumerator also implies a slightly stronger collapse of the exact counting logspace hierarchy.   For the determinant function Det we establish the following two results: 1. If Det is poly-enumerable in logspace, then Det is in FL. 2. For any prime p, if Det-mod-p is (p-1)-enumerable in Mod_pL, then Det-mod-p is in FL. These results give a perspective on the approximability of many elementary linear algebra problems equivalent to computing the rank or the determinant. Due to the close connection between the determinant function and #L, as well as between the rank function and AC^0(C_=L), our results might yield a better understanding of the exact power of counting in logspace and the relationships among the complexity classes sandwiched between NL and uniform TC^1.</subfield>
          </datafield>
          <datafield ind1=" " ind2=" " tag="540">
            <subfield code="a">This item is protected by copyright, with all rights reserved.</subfield>
          </datafield>
          <datafield ind1=" " ind2=" " tag="653">
            <subfield code="a">rank.</subfield>
          </datafield>
          <datafield ind1=" " ind2=" " tag="653">
            <subfield code="a">counting logspace classes.</subfield>
          </datafield>
          <datafield ind1=" " ind2=" " tag="653">
            <subfield code="a">determinant.</subfield>
          </datafield>
          <datafield ind1=" " ind2=" " tag="653">
            <subfield code="a">enumerative approximation.</subfield>
          </datafield>
          <datafield ind1="1" ind2=" " tag="700">
            <subfield code="a">Beygelzimer, A..</subfield>
            <subfield code="4">aut</subfield>
          </datafield>
          <datafield ind1=" " ind2="0" tag="830">
            <subfield code="a">UR CSD;</subfield>
            <subfield code="v">TR770</subfield>
          </datafield>
          <datafield ind1="4" ind2="0" tag="856">
            <subfield code="u">http://hdl.handle.net/1953/578</subfield>
          </datafield>
        </record>
      </metadata>
    </record>