
    <record>
      <header>
        <identifier>oai:urresearch3.rochester.edu:433</identifier>
        <datestamp>2011-03-01T17:28:35Z</datestamp>
        <setSpec>3:98</setSpec>
      </header>
      <metadata>
        <record xmlns="http://www.loc.gov/MARC21/slim">
          <leader>00000 am a2200000Ka 4500</leader>
          <controlfield tag="006">m        d        </controlfield>
          <controlfield tag="007">cr||||||||||||</controlfield>
          <controlfield tag="008">      s2002            s           eng  </controlfield>
          <datafield ind1="1" ind2=" " tag="100">
            <subfield code="a">Tantau, Till.</subfield>
            <subfield code="4">aut</subfield>
          </datafield>
          <datafield ind1="1" ind2="0" tag="245">
            <subfield code="a">On the Reducibility of Sets Inside NP to Sets with Low Information Content</subfield>
            <subfield code="h">[electronic resource] /</subfield>
            <subfield code="c">Till Tantau.</subfield>
          </datafield>
          <datafield ind1=" " ind2=" " tag="260">
            <subfield code="b">University of Rochester. Computer Science Department., </subfield>
            <subfield code="c">2002.</subfield>
          </datafield>
          <datafield ind1="1" ind2=" " tag="490">
            <subfield code="a">UR CSD;</subfield>
            <subfield code="v">TR782</subfield>
          </datafield>
          <datafield ind1="3" ind2=" " tag="520">
            <subfield code="a">We study whether sets inside NP can be reduced to sets with low information content but possibly still high computational complexity. Examples of sets with low information content are tally sets, sparse sets, P-selective sets and membership comparable sets. For the graph automorphism and isomorphism problems GA and GI, for the directed graph reachability problem GAP, for the determinant function det, and for logspace self-reducible languages we establish the following results:   o If GA is polynomial-time truth-table reducible to a P-selective set, then GA is in P.     o If GI is O(log n)-membership comparable, then GI is in RP.     o If GAP is logspace O(1)-membership comparable, then GAP is in L.     o If det is logspace Turing reducible to an L-selective set, then det is in FL.     o If a language A is logspace self-reducible and logspace Turing reducible to an L-selective set, then A is in L.     The last result is a strong logspace version of the characterisation of P as the class of self-reducible P-selective languages. As P and NL have logspace self-reducible complete sets, it also establishes a logspace analogue of the conjecture that if SAT is polynomial-time Turing reducible to a P-selective set, then SAT is in P.</subfield>
          </datafield>
          <datafield ind1=" " ind2=" " tag="540">
            <subfield code="a">This item is protected by copyright, with all rights reserved.</subfield>
          </datafield>
          <datafield ind1=" " ind2=" " tag="653">
            <subfield code="a">computational complexity.</subfield>
          </datafield>
          <datafield ind1=" " ind2=" " tag="653">
            <subfield code="a">selective.</subfield>
          </datafield>
          <datafield ind1=" " ind2=" " tag="653">
            <subfield code="a">membership comparable.</subfield>
          </datafield>
          <datafield ind1=" " ind2=" " tag="653">
            <subfield code="a">self-reduction.</subfield>
          </datafield>
          <datafield ind1=" " ind2=" " tag="653">
            <subfield code="a">low information content.</subfield>
          </datafield>
          <datafield ind1=" " ind2=" " tag="653">
            <subfield code="a">sparse.</subfield>
          </datafield>
          <datafield ind1=" " ind2=" " tag="653">
            <subfield code="a">graph isomorphism.</subfield>
          </datafield>
          <datafield ind1=" " ind2=" " tag="653">
            <subfield code="a">graph automorphism.</subfield>
          </datafield>
          <datafield ind1=" " ind2=" " tag="653">
            <subfield code="a">circuit value problem.</subfield>
          </datafield>
          <datafield ind1=" " ind2=" " tag="653">
            <subfield code="a">reachability problem.</subfield>
          </datafield>
          <datafield ind1="1" ind2=" " tag="700">
            <subfield code="a">Ogihara, Mitsunori,</subfield>
            <subfield code="d">1963-</subfield>
            <subfield code="4">aut</subfield>
          </datafield>
          <datafield ind1=" " ind2="0" tag="830">
            <subfield code="a">UR CSD;</subfield>
            <subfield code="v">TR782</subfield>
          </datafield>
          <datafield ind1="4" ind2="0" tag="856">
            <subfield code="u">http://hdl.handle.net/1953/580</subfield>
          </datafield>
        </record>
      </metadata>
    </record>