
    <record>
      <header>
        <identifier>oai:urresearch3.rochester.edu:438</identifier>
        <datestamp>2011-03-01T17:28:35Z</datestamp>
        <setSpec>3:98</setSpec>
      </header>
      <metadata>
        <record xmlns="http://www.loc.gov/MARC21/slim">
          <leader>00000 am a2200000Ka 4500</leader>
          <controlfield tag="006">m        d        </controlfield>
          <controlfield tag="007">cr||||||||||||</controlfield>
          <controlfield tag="008">      s1992            s           eng  </controlfield>
          <datafield ind1="1" ind2=" " tag="100">
            <subfield code="a">Cai, Jin-Yi.</subfield>
            <subfield code="4">aut</subfield>
          </datafield>
          <datafield ind1="1" ind2="0" tag="245">
            <subfield code="a">Promise Problems and Access to Unambiguous Computation</subfield>
            <subfield code="h">[electronic resource] /</subfield>
            <subfield code="c">Jin-Yi Cai.</subfield>
          </datafield>
          <datafield ind1=" " ind2=" " tag="260">
            <subfield code="b">University of Rochester. Computer Science Department., </subfield>
            <subfield code="c">1992.</subfield>
          </datafield>
          <datafield ind1="1" ind2=" " tag="490">
            <subfield code="a">UR CSD;</subfield>
            <subfield code="v">TR419</subfield>
          </datafield>
          <datafield ind1="3" ind2=" " tag="520">
            <subfield code="a">This paper studies the power of three types of access to unambiguous computation: nonadaptive access, fault-tolerant access, and guarded access. (1) Though for NP it is known that nonadaptive access has exponentially terse adaptive simulations, we show that UP has no such relativizable simulations: there are worlds in which (k+1)-truth-table access to UP is not subsumed by k-Turing access to UP. (2) Though fault-tolerant access (i.e., "1-helping" access) is known to be no more powerful than NP itself, we give both structural and relativized evidence that fault tolerant access to UP suffices to recognize even sets beyond UP. Furthermore, we completely characterize, in terms of locally positive reductions, the sets that fault-tolerantly reduce to UP. (3) In guarded access, Grollmann and Selman's natural notion of access to unambiguous computation, a deterministic polynomial-time Turing machine asks questions to a nondeterministic polynomial-time Turing machine in such a way that the nondeterministic machine never accepts ambiguously. In contrast to guarded access, the standard notion of access to unambiguous computation is that of access to a set that is uniformly unambiguous-- even for queries that it never will be asked by its questioner, it must be unambiguous. We show that these notions, though the same for nonadaptive reductions, differ for Turing and strong nondeterministic reductions.</subfield>
          </datafield>
          <datafield ind1=" " ind2=" " tag="540">
            <subfield code="a">This item is protected by copyright, with all rights reserved.</subfield>
          </datafield>
          <datafield ind1=" " ind2=" " tag="653">
            <subfield code="a">fault-tolerant computing.</subfield>
          </datafield>
          <datafield ind1=" " ind2=" " tag="653">
            <subfield code="a">robust computation.</subfield>
          </datafield>
          <datafield ind1="1" ind2=" " tag="700">
            <subfield code="a">Hemachandra, Lane A..</subfield>
            <subfield code="4">aut</subfield>
          </datafield>
          <datafield ind1="1" ind2=" " tag="700">
            <subfield code="a">Vyskoc, Jozef.</subfield>
            <subfield code="4">aut</subfield>
          </datafield>
          <datafield ind1=" " ind2="0" tag="830">
            <subfield code="a">UR CSD;</subfield>
            <subfield code="v">TR419</subfield>
          </datafield>
          <datafield ind1="4" ind2="0" tag="856">
            <subfield code="u">http://hdl.handle.net/1953/598</subfield>
          </datafield>
        </record>
      </metadata>
    </record>