
    <record>
      <header>
        <identifier>oai:urresearch3.rochester.edu:439</identifier>
        <datestamp>2011-03-01T17:28:35Z</datestamp>
        <setSpec>3:98</setSpec>
      </header>
      <metadata>
        <record xmlns="http://www.loc.gov/MARC21/slim">
          <leader>00000 am a2200000Ka 4500</leader>
          <controlfield tag="006">m        d        </controlfield>
          <controlfield tag="007">cr||||||||||||</controlfield>
          <controlfield tag="008">      s1992            s           eng  </controlfield>
          <datafield ind1="1" ind2=" " tag="100">
            <subfield code="a">Ablayev, Farid.</subfield>
            <subfield code="4">aut</subfield>
          </datafield>
          <datafield ind1="1" ind2="0" tag="245">
            <subfield code="a">Lower Bounds for One-Way Probabilistic Communication Complexity</subfield>
            <subfield code="h">[electronic resource] /</subfield>
            <subfield code="c">Farid Ablayev.</subfield>
          </datafield>
          <datafield ind1=" " ind2=" " tag="260">
            <subfield code="b">University of Rochester. Computer Science Department., </subfield>
            <subfield code="c">1992.</subfield>
          </datafield>
          <datafield ind1="1" ind2=" " tag="490">
            <subfield code="a">UR CSD;</subfield>
            <subfield code="v">TR422</subfield>
          </datafield>
          <datafield ind1="3" ind2=" " tag="520">
            <subfield code="a">We prove three different types of complexity lower bounds for one-way unbounded-error and bounded-error error probabilistic communication protocols for boolean functions. The lower bounds are proved for arbitrary boolean functions in the common way in terms of the deterministic communication complexity of functions and in terms of the notion "probabilistic communication characteristic" that we define.   It is shown that for almost all boolean functions either Yao's lower bound or the first or third lower bound are more precise depending on the value of probability error.     We present boolean functions with different probabilistic communication characteristics which demonstrates that each of these lower bounds can be more precise than the others depending on the probabilistic communication characteristics of a function. The examples of boolean functions show that the lower bounds of the paper are precise and incomparable.     Our lower bounds are good enough for proving proper hierarchies for various one-way probabilistic communication complexity classes (namely for unbounded error probabilistic communication, for bounded error probabilistic communication, and for errors of probabilistic communication).</subfield>
          </datafield>
          <datafield ind1=" " ind2=" " tag="540">
            <subfield code="a">This item is protected by copyright, with all rights reserved.</subfield>
          </datafield>
          <datafield ind1=" " ind2=" " tag="653">
            <subfield code="a">probabilistic communication complexity.</subfield>
          </datafield>
          <datafield ind1=" " ind2=" " tag="653">
            <subfield code="a">probabilistic algorithms.</subfield>
          </datafield>
          <datafield ind1=" " ind2=" " tag="653">
            <subfield code="a">communication complexity.</subfield>
          </datafield>
          <datafield ind1=" " ind2=" " tag="653">
            <subfield code="a">lower bounds.</subfield>
          </datafield>
          <datafield ind1=" " ind2="0" tag="830">
            <subfield code="a">UR CSD;</subfield>
            <subfield code="v">TR422</subfield>
          </datafield>
          <datafield ind1="4" ind2="0" tag="856">
            <subfield code="u">http://hdl.handle.net/1953/586</subfield>
          </datafield>
        </record>
      </metadata>
    </record>