
    <record>
      <header>
        <identifier>oai:urresearch3.rochester.edu:441</identifier>
        <datestamp>2011-03-01T17:28:35Z</datestamp>
        <setSpec>3:98</setSpec>
      </header>
      <metadata>
        <record xmlns="http://www.loc.gov/MARC21/slim">
          <leader>00000 am a2200000Ka 4500</leader>
          <controlfield tag="006">m        d        </controlfield>
          <controlfield tag="007">cr||||||||||||</controlfield>
          <controlfield tag="008">      s1992            s           eng  </controlfield>
          <datafield ind1="1" ind2=" " tag="100">
            <subfield code="a">Jha, Sudhir Kumar.</subfield>
            <subfield code="4">aut</subfield>
          </datafield>
          <datafield ind1="1" ind2="0" tag="245">
            <subfield code="a">Defying Upward and Downward Separation</subfield>
            <subfield code="h">[electronic resource] /</subfield>
            <subfield code="c">Sudhir Kumar Jha.</subfield>
          </datafield>
          <datafield ind1=" " ind2=" " tag="260">
            <subfield code="b">University of Rochester. Computer Science Department., </subfield>
            <subfield code="c">1992.</subfield>
          </datafield>
          <datafield ind1="1" ind2=" " tag="490">
            <subfield code="a">UR CSD;</subfield>
            <subfield code="v">TR430</subfield>
          </datafield>
          <datafield ind1="3" ind2=" " tag="520">
            <subfield code="a">Upward and downward separation results link the collapse of small and large classes, and are a standard tool in complexity theory. We study the limitations of upward and downward separation.   We show that the exponential-time limited nondeterminism hierarchy does not robustly possess downward separation. We show that probabilistic classes do not robustly possess Hartmanis-Immerman-Sewelson upward separation. Though NP is known to robustly possess Hartmanis-Immerman-Sewelson upward separation, we show that NP does not robustly possess Hartmanis-Immerman-Sewelson upward separation with respect to strong (immunity) separation. On the other hand, we provide a structural sufficient condition for upward separation.</subfield>
          </datafield>
          <datafield ind1=" " ind2=" " tag="540">
            <subfield code="a">This item is protected by copyright, with all rights reserved.</subfield>
          </datafield>
          <datafield ind1=" " ind2=" " tag="653">
            <subfield code="a">upward separation.</subfield>
          </datafield>
          <datafield ind1=" " ind2=" " tag="653">
            <subfield code="a">limited nondeterminism.</subfield>
          </datafield>
          <datafield ind1=" " ind2=" " tag="653">
            <subfield code="a">complexity theory.</subfield>
          </datafield>
          <datafield ind1=" " ind2=" " tag="653">
            <subfield code="a">downward separation.</subfield>
          </datafield>
          <datafield ind1="1" ind2=" " tag="700">
            <subfield code="a">Hemachandra, Lane A..</subfield>
            <subfield code="4">aut</subfield>
          </datafield>
          <datafield ind1=" " ind2="0" tag="830">
            <subfield code="a">UR CSD;</subfield>
            <subfield code="v">TR430</subfield>
          </datafield>
          <datafield ind1="4" ind2="0" tag="856">
            <subfield code="u">http://hdl.handle.net/1953/588</subfield>
          </datafield>
        </record>
      </metadata>
    </record>