
    <record>
      <header>
        <identifier>oai:urresearch3.rochester.edu:442</identifier>
        <datestamp>2011-03-01T17:28:35Z</datestamp>
        <setSpec>3:98</setSpec>
      </header>
      <metadata>
        <record xmlns="http://www.loc.gov/MARC21/slim">
          <leader>00000 am a2200000Ka 4500</leader>
          <controlfield tag="006">m        d        </controlfield>
          <controlfield tag="007">cr||||||||||||</controlfield>
          <controlfield tag="008">      s1992            s           eng  </controlfield>
          <datafield ind1="1" ind2=" " tag="100">
            <subfield code="a">Han, Yenjo.</subfield>
            <subfield code="4">aut</subfield>
          </datafield>
          <datafield ind1="1" ind2="0" tag="245">
            <subfield code="a">Threshold Computation and Cryptographic Security</subfield>
            <subfield code="h">[electronic resource] /</subfield>
            <subfield code="c">Yenjo Han.</subfield>
          </datafield>
          <datafield ind1=" " ind2=" " tag="260">
            <subfield code="b">University of Rochester. Computer Science Department., </subfield>
            <subfield code="c">1992.</subfield>
          </datafield>
          <datafield ind1="1" ind2=" " tag="490">
            <subfield code="a">UR CSD;</subfield>
            <subfield code="v">TR443</subfield>
          </datafield>
          <datafield ind1="3" ind2=" " tag="520">
            <subfield code="a">Threshold machines are Turing machines whose acceptance is determined by what portion of the machine's computation paths are accepting paths. Probabilistic machines are Turing machines whose acceptance is determined by the probability weight of the machine's accepting computation paths. Simon proved that for unbounded-error polynomial-time machines these two notions yield the same class, PP. Perhaps because Simon's result seemed to collapse the threshold and probabilistic modes of computation, the relationship between threshold and probabilistic computing for the case of bounded error has remained unexplored.   In this paper, we compare the bounded-error probabilistic class BPP with the analogous threshold class, BPP_{path}, and, more generally, we study the structural properties of BPP_{path}. We prove that BPP_{path} contains both NP^{BPP} and P^{NP[log]}, and that BPP_{path} is contained in P^{\Sigma_2^P[log]}, BPP^{NP}, and PP. We conclude that, unless the polynomial hierarchy collapses, bounded-error threshold computation is strictly more powerful than bounded-error probabilistic computation.     We also formalize the natural notion of secure access to a database: an adversary who watches the queries should gain no information about the input other than perhaps its length. We show, for both BPP and BPP_{path}, that if there is any database for which this formalization of security differs from the security given by oblivious database access, then P \neq PSPACE. It follows that if any set lacking small circuits can be securely accepted, then P \neq PSPACE.</subfield>
          </datafield>
          <datafield ind1=" " ind2=" " tag="540">
            <subfield code="a">This item is protected by copyright, with all rights reserved.</subfield>
          </datafield>
          <datafield ind1=" " ind2=" " tag="653">
            <subfield code="a">security.</subfield>
          </datafield>
          <datafield ind1=" " ind2=" " tag="653">
            <subfield code="a">computational complexity.</subfield>
          </datafield>
          <datafield ind1=" " ind2=" " tag="653">
            <subfield code="a">probabilistic computation.</subfield>
          </datafield>
          <datafield ind1="1" ind2=" " tag="700">
            <subfield code="a">Hemachandra, Lane A..</subfield>
            <subfield code="4">aut</subfield>
          </datafield>
          <datafield ind1="1" ind2=" " tag="700">
            <subfield code="a">Thierauf, Thomas.</subfield>
            <subfield code="4">aut</subfield>
          </datafield>
          <datafield ind1=" " ind2="0" tag="830">
            <subfield code="a">UR CSD;</subfield>
            <subfield code="v">TR443</subfield>
          </datafield>
          <datafield ind1="4" ind2="0" tag="856">
            <subfield code="u">http://hdl.handle.net/1953/589</subfield>
          </datafield>
        </record>
      </metadata>
    </record>