
    <record>
      <header>
        <identifier>oai:urresearch3.rochester.edu:446</identifier>
        <datestamp>2011-03-01T17:28:35Z</datestamp>
        <setSpec>3:98</setSpec>
      </header>
      <metadata>
        <record xmlns="http://www.loc.gov/MARC21/slim">
          <leader>00000 am a2200000Ka 4500</leader>
          <controlfield tag="006">m        d        </controlfield>
          <controlfield tag="007">cr||||||||||||</controlfield>
          <controlfield tag="008">      s1993            s           eng  </controlfield>
          <datafield ind1="1" ind2=" " tag="100">
            <subfield code="a">Szelepcsenyi, Robert.</subfield>
            <subfield code="4">aut</subfield>
          </datafield>
          <datafield ind1="1" ind2="0" tag="245">
            <subfield code="a">\beta_k-Complete Problems and Greediness</subfield>
            <subfield code="h">[electronic resource] /</subfield>
            <subfield code="c">Robert Szelepcsenyi.</subfield>
          </datafield>
          <datafield ind1=" " ind2=" " tag="260">
            <subfield code="b">University of Rochester. Computer Science Department., </subfield>
            <subfield code="c">1993.</subfield>
          </datafield>
          <datafield ind1="1" ind2=" " tag="490">
            <subfield code="a">UR CSD;</subfield>
            <subfield code="v">TR455</subfield>
          </datafield>
          <datafield ind1="3" ind2=" " tag="520">
            <subfield code="a">Kintala and Fischer [1980] defined the limited nondeterminism hierarchy within NP, the so-called \beta hierarchy. \beta_k is the class of languages recognized by polynomial time bounded Turing machines making at most O(\log^k n) nondeterministic moves, where n is the length of the input.   It has been conjectured that ``By restricting the amount of nondeterminism in NP-complete problems, we do not seem to obtain complete problems for \beta_k'' [D\'{i}az and Tor\'{a}n, 1990]. We demonstrate that this statement is incorrect under what seems to us to be the natural interpretation of the term ``restricting the amount of nondeterminism.'' We develop the concept of limited nondeterminism-preserving reductions, and obtain complete problems for \beta_k by restricting the amount of nondeterminism in NP-complete problems. We also discuss the connections between \beta hierarchy completeness and greedy algorithms; we show that using greediness we can define many complete problems for \beta.</subfield>
          </datafield>
          <datafield ind1=" " ind2=" " tag="540">
            <subfield code="a">This item is protected by copyright, with all rights reserved.</subfield>
          </datafield>
          <datafield ind1=" " ind2=" " tag="653">
            <subfield code="a">\beta hierarchy.</subfield>
          </datafield>
          <datafield ind1=" " ind2=" " tag="653">
            <subfield code="a">\beta-complete problems.</subfield>
          </datafield>
          <datafield ind1=" " ind2=" " tag="653">
            <subfield code="a">limited nondeterminism.</subfield>
          </datafield>
          <datafield ind1=" " ind2=" " tag="653">
            <subfield code="a">greedy algorithms.</subfield>
          </datafield>
          <datafield ind1=" " ind2=" " tag="653">
            <subfield code="a">nondeterminism-preserving reductions.</subfield>
          </datafield>
          <datafield ind1=" " ind2="0" tag="830">
            <subfield code="a">UR CSD;</subfield>
            <subfield code="v">TR455</subfield>
          </datafield>
          <datafield ind1="4" ind2="0" tag="856">
            <subfield code="u">http://hdl.handle.net/1953/596</subfield>
          </datafield>
        </record>
      </metadata>
    </record>