
    <record>
      <header>
        <identifier>oai:urresearch3.rochester.edu:448</identifier>
        <datestamp>2011-03-01T17:28:35Z</datestamp>
        <setSpec>3:98</setSpec>
      </header>
      <metadata>
        <record xmlns="http://www.loc.gov/MARC21/slim">
          <leader>00000 am a2200000Ka 4500</leader>
          <controlfield tag="006">m        d        </controlfield>
          <controlfield tag="007">cr||||||||||||</controlfield>
          <controlfield tag="008">      s1993            s           eng  </controlfield>
          <datafield ind1="1" ind2=" " tag="100">
            <subfield code="a">Macarie, Ioan I..</subfield>
            <subfield code="4">aut</subfield>
          </datafield>
          <datafield ind1="1" ind2="0" tag="245">
            <subfield code="a">Space-Efficient Deterministic Simulation of Probabilistic Automata</subfield>
            <subfield code="h">[electronic resource] /</subfield>
            <subfield code="c">Ioan I. Macarie.</subfield>
          </datafield>
          <datafield ind1=" " ind2=" " tag="260">
            <subfield code="b">University of Rochester. Computer Science Department., </subfield>
            <subfield code="c">1993.</subfield>
          </datafield>
          <datafield ind1="1" ind2=" " tag="490">
            <subfield code="a">UR CSD;</subfield>
            <subfield code="v">TR463</subfield>
          </datafield>
          <datafield ind1="3" ind2=" " tag="520">
            <subfield code="a">Given a description of a probabilistic automaton (one-head probabilistic finite automaton or probabilistic Turing machine) and an input string x of length n, we ask how much space does a deterministic Turing machine need in order to decide the acceptance of the input string by that automaton? The question is interesting even in the case of one-head one-way probabilistic finite automata (PFA). We call (rational) stochastic languages (S^&gt;_{rat}) the class of languages recognized by PFAs whose transition probabilities and cutpoints (i.e., recognition thresholds) are rational numbers. The class S^&gt;_{rat} contains context-sensitive languages that are not context free, but on the other hand there are context-free languages not included in S^&gt;_{rat}.   Our main results are as follows: (1) The (proper) inclusion of S^&gt;_{rat} in Dspace(log n), which is optimal (i.e., S^&gt;_{rat} \not \subset Dspace(o(log n))). The previous upper bounds were Dspace(n) [Dieu 1972; Wang 1992] and Dspace(log n log log n) [Jung 1984]. (2) Probabilistic Turing machines with space bound f(n) \in O(log n) can be deterministically simulated in space O(min (c^{f(n)}log n, log n (f(n) + log log n))), where c is a constant depending on the simulated probabilistic Turing machine. The best previously known simulation required space O(log n (f(n) + log log n)) [Jung 1984].     Of independent interest is our technique to compare numbers given in terms of their values modulo a sequence of primes, p_1 &lt; p_2 &lt; \cdots &lt; p_n = O(n^a) (where a is some constant) in O(log n) deterministic space.</subfield>
          </datafield>
          <datafield ind1=" " ind2=" " tag="540">
            <subfield code="a">This item is protected by copyright, with all rights reserved.</subfield>
          </datafield>
          <datafield ind1=" " ind2=" " tag="653">
            <subfield code="a">probabilistic Turing machine.</subfield>
          </datafield>
          <datafield ind1=" " ind2=" " tag="653">
            <subfield code="a">deterministic simulation.</subfield>
          </datafield>
          <datafield ind1=" " ind2=" " tag="653">
            <subfield code="a">space-bounded complexity classes.</subfield>
          </datafield>
          <datafield ind1=" " ind2=" " tag="653">
            <subfield code="a">stochastic language.</subfield>
          </datafield>
          <datafield ind1=" " ind2=" " tag="653">
            <subfield code="a">residue representation.</subfield>
          </datafield>
          <datafield ind1=" " ind2="0" tag="830">
            <subfield code="a">UR CSD;</subfield>
            <subfield code="v">TR463</subfield>
          </datafield>
          <datafield ind1="4" ind2="0" tag="856">
            <subfield code="u">http://hdl.handle.net/1953/595</subfield>
          </datafield>
        </record>
      </metadata>
    </record>