
    <record>
      <header>
        <identifier>oai:urresearch3.rochester.edu:449</identifier>
        <datestamp>2011-03-01T17:28:35Z</datestamp>
        <setSpec>3:98</setSpec>
      </header>
      <metadata>
        <record xmlns="http://www.loc.gov/MARC21/slim">
          <leader>00000 am a2200000Ka 4500</leader>
          <controlfield tag="006">m        d        </controlfield>
          <controlfield tag="007">cr||||||||||||</controlfield>
          <controlfield tag="008">      s1993            s           eng  </controlfield>
          <datafield ind1="1" ind2=" " tag="100">
            <subfield code="a">Hemachandra, Lane A..</subfield>
            <subfield code="4">aut</subfield>
          </datafield>
          <datafield ind1="1" ind2="0" tag="245">
            <subfield code="a">Computing Solutions Uniquely Collapses the Polynomial Hierarchy</subfield>
            <subfield code="h">[electronic resource] /</subfield>
            <subfield code="c">Lane A.  Hemachandra.</subfield>
          </datafield>
          <datafield ind1=" " ind2=" " tag="260">
            <subfield code="b">University of Rochester. Computer Science Department., </subfield>
            <subfield code="c">1993.</subfield>
          </datafield>
          <datafield ind1="1" ind2=" " tag="490">
            <subfield code="a">UR CSD;</subfield>
            <subfield code="v">TR467</subfield>
          </datafield>
          <datafield ind1="3" ind2=" " tag="520">
            <subfield code="a">Is there a single-valued NP function that, when given a satisfiable formula as input, outputs a satisfying assignment? That is, can a nondeterministic function cull just one satisfying assignment from a possibly exponentially large collection of assignments? We show that if there is such a nondeterministic function, then the polynomial hierarchy collapses to its second level. As the existence of such a function is known to be equivalent to the statement ``every multivalued NP function has a single-valued NP refinement,'' our result provides the strongest evidence yet that multivalued NP functions cannot be refined.   We prove our result via theorems of independent interest. We say that a set A is NPSV-selective (NPMV-selective) if there is a 2-ary partial function in NPSV (NPMV, respectively) that decides which of its inputs (if any) is ``more likely'' to belong to A; this is a nondeterministic analog of the recursion-theoretic notion of the semi- recursive sets and the extant complexity-theoretic notion of P-selectivity. Our hierarchy collapse follows by combining the easy observation that every set in NP is NPMV-selective with either of the following two theorems that we prove: (1)If A \in NP is NPSV-selective, then A \in (NP \cap coNP)/poly. (2) If A \in NP is NPSV-selective, then A is Low_2. To wit, either result implies that if every set in NP is NPSV-selective, then the polynomial hierarchy collapses to its second level, NP^{NP}.</subfield>
          </datafield>
          <datafield ind1=" " ind2=" " tag="540">
            <subfield code="a">This item is protected by copyright, with all rights reserved.</subfield>
          </datafield>
          <datafield ind1=" " ind2=" " tag="653">
            <subfield code="a">refinement.</subfield>
          </datafield>
          <datafield ind1=" " ind2=" " tag="653">
            <subfield code="a">satisfying assignments.</subfield>
          </datafield>
          <datafield ind1="1" ind2=" " tag="700">
            <subfield code="a">Naik, Ashish V..</subfield>
            <subfield code="4">aut</subfield>
          </datafield>
          <datafield ind1="1" ind2=" " tag="700">
            <subfield code="a">Ogihara, Mitsunori,</subfield>
            <subfield code="d">1963-</subfield>
            <subfield code="4">aut</subfield>
          </datafield>
          <datafield ind1="1" ind2=" " tag="700">
            <subfield code="a">Selman, Alan L..</subfield>
            <subfield code="4">aut</subfield>
          </datafield>
          <datafield ind1=" " ind2="0" tag="830">
            <subfield code="a">UR CSD;</subfield>
            <subfield code="v">TR467</subfield>
          </datafield>
          <datafield ind1="4" ind2="0" tag="856">
            <subfield code="u">http://hdl.handle.net/1953/592</subfield>
          </datafield>
        </record>
      </metadata>
    </record>