
    <record>
      <header>
        <identifier>oai:urresearch3.rochester.edu:451</identifier>
        <datestamp>2011-03-01T17:28:35Z</datestamp>
        <setSpec>3:98</setSpec>
      </header>
      <metadata>
        <record xmlns="http://www.loc.gov/MARC21/slim">
          <leader>00000 am a2200000Ka 4500</leader>
          <controlfield tag="006">m        d        </controlfield>
          <controlfield tag="007">cr||||||||||||</controlfield>
          <controlfield tag="008">      s1993            s           eng  </controlfield>
          <datafield ind1="1" ind2=" " tag="100">
            <subfield code="a">Thierauf, Thomas.</subfield>
            <subfield code="4">aut</subfield>
          </datafield>
          <datafield ind1="1" ind2="0" tag="245">
            <subfield code="a">Advice from Nonadaptive Queries to NP</subfield>
            <subfield code="h">[electronic resource] /</subfield>
            <subfield code="c">Thomas Thierauf.</subfield>
          </datafield>
          <datafield ind1=" " ind2=" " tag="260">
            <subfield code="b">University of Rochester. Computer Science Department., </subfield>
            <subfield code="c">1993.</subfield>
          </datafield>
          <datafield ind1="1" ind2=" " tag="490">
            <subfield code="a">UR CSD;</subfield>
            <subfield code="v">TR470</subfield>
          </datafield>
          <datafield ind1="3" ind2=" " tag="520">
            <subfield code="a">Consider the standard model of computation to decide a language that is bounded truth-table reducible to an NP set: on a given input, a polynomial-time Turing machine, called a generator, produces a constant number of queries to the NP oracle; then, a second polynomial-time Turing machine, called an evaluator, given the answers to the queries, determines the membership of the given input.   In this paper, we investigate the classes of languages that are decided by bounded truth-table reductions to an NP set in which evaluators do not have full access to the answers to the queries but get only partial information such as the number of queries that are in the oracle set or even just this number modulo some constant. We also investigate the case in which evaluators are nondeterministic.     We locate all these classes within levels of the boolean hierarchy, which allows us to compare the complexity of such classes. The result shows the various degrees to which the power of P or NP evaluators are affected as the partial information that the evaluators get from the answers to the queries produced by generators are changed.</subfield>
          </datafield>
          <datafield ind1=" " ind2=" " tag="540">
            <subfield code="a">This item is protected by copyright, with all rights reserved.</subfield>
          </datafield>
          <datafield ind1=" " ind2=" " tag="653">
            <subfield code="a">bounded truth-table reduction.</subfield>
          </datafield>
          <datafield ind1=" " ind2=" " tag="653">
            <subfield code="a">NP.</subfield>
          </datafield>
          <datafield ind1=" " ind2=" " tag="653">
            <subfield code="a">advice class.</subfield>
          </datafield>
          <datafield ind1=" " ind2=" " tag="653">
            <subfield code="a">nonadaptive queries.</subfield>
          </datafield>
          <datafield ind1="1" ind2=" " tag="700">
            <subfield code="a">Han, Yenjo.</subfield>
            <subfield code="4">aut</subfield>
          </datafield>
          <datafield ind1=" " ind2="0" tag="830">
            <subfield code="a">UR CSD;</subfield>
            <subfield code="v">TR470</subfield>
          </datafield>
          <datafield ind1="4" ind2="0" tag="856">
            <subfield code="u">http://hdl.handle.net/1953/600</subfield>
          </datafield>
        </record>
      </metadata>
    </record>