
    <record>
      <header>
        <identifier>oai:urresearch3.rochester.edu:452</identifier>
        <datestamp>2011-03-01T17:28:35Z</datestamp>
        <setSpec>3:98</setSpec>
      </header>
      <metadata>
        <record xmlns="http://www.loc.gov/MARC21/slim">
          <leader>00000 am a2200000Ka 4500</leader>
          <controlfield tag="006">m        d        </controlfield>
          <controlfield tag="007">cr||||||||||||</controlfield>
          <controlfield tag="008">      s1993            s           eng  </controlfield>
          <datafield ind1="1" ind2=" " tag="100">
            <subfield code="a">Zimand, Marius.</subfield>
            <subfield code="4">aut</subfield>
          </datafield>
          <datafield ind1="1" ind2="4" tag="245">
            <subfield code="a">The Complexity of the Optimal Spanning Hypertree Problem</subfield>
            <subfield code="h">[electronic resource] /</subfield>
            <subfield code="c">Marius Zimand.</subfield>
          </datafield>
          <datafield ind1=" " ind2=" " tag="260">
            <subfield code="b">University of Rochester. Computer Science Department., </subfield>
            <subfield code="c">1993.</subfield>
          </datafield>
          <datafield ind1="1" ind2=" " tag="490">
            <subfield code="a">UR CSD;</subfield>
            <subfield code="v">TR471</subfield>
          </datafield>
          <datafield ind1="3" ind2=" " tag="520">
            <subfield code="a">The notion of h-hypertree was defined in [Tomescu 1986] in order to improve the Bonferroni inequalities. We prove that the problem of finding the optimal spanning h-hypertree of a complete hypergraph is NP complete, for h \geq 3. Moreover, no polynomial time approximate algorithm even with poor approximation ratio seems to exist for this problem. The existence of such an algorithm for the minimum version achieving an approximation ratio of poly(n) implies P = NP, and, for the maximum version, the existence of a quasipolynomial algorithm achieving the ratio 2^{log^{\in}n} implies NP \subseteq DTIME[n^{log^{O(1)}n}].</subfield>
          </datafield>
          <datafield ind1=" " ind2=" " tag="540">
            <subfield code="a">This item is protected by copyright, with all rights reserved.</subfield>
          </datafield>
          <datafield ind1=" " ind2=" " tag="653">
            <subfield code="a">spanning hypertrees.</subfield>
          </datafield>
          <datafield ind1=" " ind2=" " tag="653">
            <subfield code="a">approximation algorithms.</subfield>
          </datafield>
          <datafield ind1=" " ind2=" " tag="653">
            <subfield code="a">hypergraphs.</subfield>
          </datafield>
          <datafield ind1=" " ind2=" " tag="653">
            <subfield code="a">NP-completeness.</subfield>
          </datafield>
          <datafield ind1=" " ind2="0" tag="830">
            <subfield code="a">UR CSD;</subfield>
            <subfield code="v">TR471</subfield>
          </datafield>
          <datafield ind1="4" ind2="0" tag="856">
            <subfield code="u">http://hdl.handle.net/1953/601</subfield>
          </datafield>
        </record>
      </metadata>
    </record>