
    <record>
      <header>
        <identifier>oai:urresearch3.rochester.edu:456</identifier>
        <datestamp>2011-03-01T17:28:35Z</datestamp>
        <setSpec>3:98</setSpec>
      </header>
      <metadata>
        <record xmlns="http://www.loc.gov/MARC21/slim">
          <leader>00000 am a2200000Ka 4500</leader>
          <controlfield tag="006">m        d        </controlfield>
          <controlfield tag="007">cr||||||||||||</controlfield>
          <controlfield tag="008">      s1994            s           eng  </controlfield>
          <datafield ind1="1" ind2=" " tag="100">
            <subfield code="a">Macarie, Ioan I..</subfield>
            <subfield code="4">aut</subfield>
          </datafield>
          <datafield ind1="1" ind2="0" tag="245">
            <subfield code="a">Properties of multihead two-way probabilistic finite automata</subfield>
            <subfield code="h">[electronic resource] /</subfield>
            <subfield code="c">Ioan I. Macarie.</subfield>
          </datafield>
          <datafield ind1=" " ind2=" " tag="260">
            <subfield code="b">University of Rochester. Computer Science Department., </subfield>
            <subfield code="c">1994.</subfield>
          </datafield>
          <datafield ind1="1" ind2=" " tag="490">
            <subfield code="a">UR CSD;</subfield>
            <subfield code="v">TR477</subfield>
          </datafield>
          <datafield ind1="3" ind2=" " tag="520">
            <subfield code="a">We present properties of multihead two-way probabilistic finite automata that parallel those of their deterministic and nondeterministic counterparts. We define multihead probabilistic finite automata with log-space constructible transition probabilities and describe a technique to simulate these automata by standard log-space probabilistic Turing machines. Next we represent log-space probabilistic complexity classes as proper hierarchies based on corresponding multihead two-way probabilistic finite automata, and show their (deterministic log-space) reducibility to the second levels of these hierarchies. We relate the number of heads of a multihead probabilistic finite automaton to the bandwidth of its configuration transition matrix for an input string; partially based on this relation we find an apparently easier log-space complete problem for PL (the class of languages recognized by log-space unbounded-error probabilistic Turing machines), and explore possibilities for a space-efficient deterministic simulation of probabilistic automata.</subfield>
          </datafield>
          <datafield ind1=" " ind2=" " tag="540">
            <subfield code="a">This item is protected by copyright, with all rights reserved.</subfield>
          </datafield>
          <datafield ind1=" " ind2=" " tag="653">
            <subfield code="a">configuration transition matrix.</subfield>
          </datafield>
          <datafield ind1=" " ind2=" " tag="653">
            <subfield code="a">heads hierarchy.</subfield>
          </datafield>
          <datafield ind1=" " ind2=" " tag="653">
            <subfield code="a">matrix bandwidth.</subfield>
          </datafield>
          <datafield ind1=" " ind2=" " tag="653">
            <subfield code="a">deterministic simulation.</subfield>
          </datafield>
          <datafield ind1=" " ind2=" " tag="653">
            <subfield code="a">multihead probabilistic finite automata.</subfield>
          </datafield>
          <datafield ind1=" " ind2=" " tag="653">
            <subfield code="a">log-space probabilistic Turing machines.</subfield>
          </datafield>
          <datafield ind1=" " ind2="0" tag="830">
            <subfield code="a">UR CSD;</subfield>
            <subfield code="v">TR477</subfield>
          </datafield>
          <datafield ind1="4" ind2="0" tag="856">
            <subfield code="u">http://hdl.handle.net/1953/605</subfield>
          </datafield>
        </record>
      </metadata>
    </record>