
    <record>
      <header>
        <identifier>oai:urresearch3.rochester.edu:459</identifier>
        <datestamp>2011-03-01T17:28:35Z</datestamp>
        <setSpec>3:98</setSpec>
      </header>
      <metadata>
        <record xmlns="http://www.loc.gov/MARC21/slim">
          <leader>00000 am a2200000Ka 4500</leader>
          <controlfield tag="006">m        d        </controlfield>
          <controlfield tag="007">cr||||||||||||</controlfield>
          <controlfield tag="008">      s1994            s           eng  </controlfield>
          <datafield ind1="1" ind2=" " tag="100">
            <subfield code="a">Hemaspaandra, Lane A..</subfield>
            <subfield code="4">aut</subfield>
          </datafield>
          <datafield ind1="1" ind2="0" tag="245">
            <subfield code="a">Unambiguous Computation: Boolean Hierarchies and Sparse Turing-Complete Sets</subfield>
            <subfield code="h">[electronic resource] /</subfield>
            <subfield code="c">Lane A. Hemaspaandra.</subfield>
          </datafield>
          <datafield ind1=" " ind2=" " tag="260">
            <subfield code="b">University of Rochester. Computer Science Department., </subfield>
            <subfield code="c">1994.</subfield>
          </datafield>
          <datafield ind1="1" ind2=" " tag="490">
            <subfield code="a">UR CSD;</subfield>
            <subfield code="v">TR483</subfield>
          </datafield>
          <datafield ind1="3" ind2=" " tag="520">
            <subfield code="a">This paper studies, for UP, two topics that have been intensely studied for NP: Boolean hierarchies and the consequences of the existence of sparse Turing-complete sets. Unfortunately, as is often the case, the results for NP draw on special properties of NP that do not seem to carry over straightforwardly to UP. For example, it is known for NP (and more generally for any class containing \Sigma^* and \emptyset and closed under union and intersection) that the symmetric difference hierarchy, the Boolean hierarchy, and the Boolean closure all are equal. We prove that closure under union is not needed for this claim: For any class \cal K that contains \Sigma^* and \emptyset and is closed under intersection (e.g., UP, US, and FewP), the symmetric difference hierarchy over \cal K, the Boolean hierarchy over \cal K, and the Boolean closure of \cal K all are equal. On the other hand, we show that two hierarchies---the Hausdorff hierarchy and the nested difference hierarchy---which in the NP case are equal to the Boolean closure fail to be equal for the UP case in some relativized worlds. Regarding sparse Turing-complete sets for UP, we prove that if UP has sparse Turing-complete sets, then the levels of the unambiguous polynomial hierarchy are simpler than one would otherwise expect: they collapse one level in terms of their location in the promise unambiguous polynomial hierarchy. We obtain related results under the weaker assumption that UP has sparse Turing-hard sets.</subfield>
          </datafield>
          <datafield ind1=" " ind2=" " tag="540">
            <subfield code="a">This item is protected by copyright, with all rights reserved.</subfield>
          </datafield>
          <datafield ind1=" " ind2=" " tag="653">
            <subfield code="a">Karp-Lipton theorem.</subfield>
          </datafield>
          <datafield ind1=" " ind2=" " tag="653">
            <subfield code="a">computational complexity.</subfield>
          </datafield>
          <datafield ind1=" " ind2=" " tag="653">
            <subfield code="a">sparse complete sets.</subfield>
          </datafield>
          <datafield ind1=" " ind2=" " tag="653">
            <subfield code="a">Boolean hierarchies.</subfield>
          </datafield>
          <datafield ind1="1" ind2=" " tag="700">
            <subfield code="a">Rothe, J&#xF6;rg.</subfield>
            <subfield code="4">aut</subfield>
          </datafield>
          <datafield ind1=" " ind2="0" tag="830">
            <subfield code="a">UR CSD;</subfield>
            <subfield code="v">TR483</subfield>
          </datafield>
          <datafield ind1="4" ind2="0" tag="856">
            <subfield code="u">http://hdl.handle.net/1953/608</subfield>
          </datafield>
        </record>
      </metadata>
    </record>