
    <record>
      <header>
        <identifier>oai:urresearch3.rochester.edu:461</identifier>
        <datestamp>2011-03-01T17:28:35Z</datestamp>
        <setSpec>3:98</setSpec>
      </header>
      <metadata>
        <record xmlns="http://www.loc.gov/MARC21/slim">
          <leader>00000 am a2200000Ka 4500</leader>
          <controlfield tag="006">m        d        </controlfield>
          <controlfield tag="007">cr||||||||||||</controlfield>
          <controlfield tag="008">      s1994            s           eng  </controlfield>
          <datafield ind1="1" ind2=" " tag="100">
            <subfield code="a">Rao, Rajesh P.N..</subfield>
            <subfield code="4">aut</subfield>
          </datafield>
          <datafield ind1="1" ind2="0" tag="245">
            <subfield code="a">Upward Separation for FewP and Related Classes</subfield>
            <subfield code="h">[electronic resource] /</subfield>
            <subfield code="c">Rajesh P.N. Rao.</subfield>
          </datafield>
          <datafield ind1=" " ind2=" " tag="260">
            <subfield code="b">University of Rochester. Computer Science Department., </subfield>
            <subfield code="c">1994.</subfield>
          </datafield>
          <datafield ind1="1" ind2=" " tag="490">
            <subfield code="a">UR CSD;</subfield>
            <subfield code="v">TR488</subfield>
          </datafield>
          <datafield ind1="3" ind2=" " tag="520">
            <subfield code="a">This paper studies the range of application of the upward separation technique that has been introduced by Hartmanis to relate certain structural properties of polynomial-time complexity classes to their exponential-time analogs and was first applied to NP [Hartmanis 1983]. Later work revealed the limitations of the technique and identified classes defying upward separation. In particular, it is known that coNP as well as certain promise classes such as BPP, R, and ZPP do not possess upward separation in all relativized worlds [Hartmanis et al., 1985; Hemaspaandra and Jha 1993], and it had been suspected that this was also the case for other promise classes such as UP and FewP [Allender 1991].   In this paper, we refute this conjecture by proving that, in particular, FewP does display upward separation, thus providing the first upward separation result for a promise class. In fact, this follows from a more general result the proof of which heavily draws on Buhrman, Longpr\'{e}, and Spaan's recently discovered tally encoding of sparse sets. As consequences of our main result, we obtain upward separations for various known counting classes such as \oplus P, SPP, and LWPP. Some applications and open problems are discussed.</subfield>
          </datafield>
          <datafield ind1=" " ind2=" " tag="540">
            <subfield code="a">This item is protected by copyright, with all rights reserved.</subfield>
          </datafield>
          <datafield ind1=" " ind2=" " tag="653">
            <subfield code="a">upward separation.</subfield>
          </datafield>
          <datafield ind1=" " ind2=" " tag="653">
            <subfield code="a">computational complexity.</subfield>
          </datafield>
          <datafield ind1="1" ind2=" " tag="700">
            <subfield code="a">Rothe, J&#xF6;rg.</subfield>
            <subfield code="4">aut</subfield>
          </datafield>
          <datafield ind1="1" ind2=" " tag="700">
            <subfield code="a">Watanabe, Osamu.</subfield>
            <subfield code="4">aut</subfield>
          </datafield>
          <datafield ind1=" " ind2="0" tag="830">
            <subfield code="a">UR CSD;</subfield>
            <subfield code="v">TR488</subfield>
          </datafield>
          <datafield ind1="4" ind2="0" tag="856">
            <subfield code="u">http://hdl.handle.net/1953/610</subfield>
          </datafield>
        </record>
      </metadata>
    </record>