
    <record>
      <header>
        <identifier>oai:urresearch3.rochester.edu:462</identifier>
        <datestamp>2011-03-01T17:28:35Z</datestamp>
        <setSpec>3:98</setSpec>
      </header>
      <metadata>
        <record xmlns="http://www.loc.gov/MARC21/slim">
          <leader>00000 am a2200000Ka 4500</leader>
          <controlfield tag="006">m        d        </controlfield>
          <controlfield tag="007">cr||||||||||||</controlfield>
          <controlfield tag="008">      s1994            s           eng  </controlfield>
          <datafield ind1="1" ind2=" " tag="100">
            <subfield code="a">Vereshchagin, Nikolai K..</subfield>
            <subfield code="4">aut</subfield>
          </datafield>
          <datafield ind1="1" ind2="0" tag="245">
            <subfield code="a">Lower Bounds for Perceptrons Solving some Separation Problems and Oracle Separation of AM from PP</subfield>
            <subfield code="h">[electronic resource] /</subfield>
            <subfield code="c">Nikolai K. Vereshchagin.</subfield>
          </datafield>
          <datafield ind1=" " ind2=" " tag="260">
            <subfield code="b">University of Rochester. Computer Science Department., </subfield>
            <subfield code="c">1994.</subfield>
          </datafield>
          <datafield ind1="1" ind2=" " tag="490">
            <subfield code="a">UR CSD;</subfield>
            <subfield code="v">TR498</subfield>
          </datafield>
          <datafield ind1="3" ind2=" " tag="520">
            <subfield code="a">We prove that perceptrons separating Boolean matrices in which each row has a one from matrices in which many rows have no one must have large size or large order. This result partially strengthens one-in-a-box theorem by Minsky and Papert [1967; 1988] stating that perceptrons of small order cannot decide if each row of given Boolean matrix has a one. As a consequence, we prove that AM \cap co-AM \not\subseteq PP under some oracle. This contrasts the fact that MA \subseteq PP under any oracle.</subfield>
          </datafield>
          <datafield ind1=" " ind2=" " tag="540">
            <subfield code="a">This item is protected by copyright, with all rights reserved.</subfield>
          </datafield>
          <datafield ind1=" " ind2=" " tag="653">
            <subfield code="a">computational complexity.</subfield>
          </datafield>
          <datafield ind1=" " ind2="0" tag="830">
            <subfield code="a">UR CSD;</subfield>
            <subfield code="v">TR498</subfield>
          </datafield>
          <datafield ind1="4" ind2="0" tag="856">
            <subfield code="u">http://hdl.handle.net/1953/611</subfield>
          </datafield>
        </record>
      </metadata>
    </record>