
    <record>
      <header>
        <identifier>oai:urresearch3.rochester.edu:463</identifier>
        <datestamp>2011-03-01T17:28:35Z</datestamp>
        <setSpec>3:98</setSpec>
      </header>
      <metadata>
        <record xmlns="http://www.loc.gov/MARC21/slim">
          <leader>00000 am a2200000Ka 4500</leader>
          <controlfield tag="006">m        d        </controlfield>
          <controlfield tag="007">cr||||||||||||</controlfield>
          <controlfield tag="008">      s1994            s           eng  </controlfield>
          <datafield ind1="1" ind2=" " tag="100">
            <subfield code="a">Rao, Rajesh P.N..</subfield>
            <subfield code="4">aut</subfield>
          </datafield>
          <datafield ind1="1" ind2="0" tag="245">
            <subfield code="a">On P-Selectivity and Closeness</subfield>
            <subfield code="h">[electronic resource] /</subfield>
            <subfield code="c">Rajesh P.N. Rao.</subfield>
          </datafield>
          <datafield ind1=" " ind2=" " tag="260">
            <subfield code="b">University of Rochester. Computer Science Department., </subfield>
            <subfield code="c">1994.</subfield>
          </datafield>
          <datafield ind1="1" ind2=" " tag="490">
            <subfield code="a">UR CSD;</subfield>
            <subfield code="v">TR499</subfield>
          </datafield>
          <datafield ind1="3" ind2=" " tag="520">
            <subfield code="a">P/poly, the class of sets with polynomial size circuits, has been the subject of considerable study in complexity theory. Two important subclasses of P/poly are the class of sparse sets [Berman and Hartmanis, 1977] and the class of P-selective sets [Selman, 1979]. A large number of results have been proved about both these classes but it has been observed (for example, [Hemaspaandra et al., 1993]) that despite their similarity, proofs about one class generally do not translate easily to proofs regarding the other class.   In this note, we propose to resolve this asymmetry by investigating the class PSEL-close of sets that are polynomially close to P-selective sets; by definition, PSEL-close includes both sparse sets and P-selective sets, thereby providing a unifying platform for proving results applicable to both. Intuitively, PSEL-close is the class of sets that can in a certain sense be approximated by P-selective sets. We prove several results separating PSEL-close from known classes within and including P/poly, and establish its location optimally in the extended low hierarchy. We illustrate the naturalness and usefulness of the class by examining the question of whether sets hard for NP or E can be PSEL-close; several well-known results are obtained as immediate corollaries.</subfield>
          </datafield>
          <datafield ind1=" " ind2=" " tag="540">
            <subfield code="a">This item is protected by copyright, with all rights reserved.</subfield>
          </datafield>
          <datafield ind1=" " ind2=" " tag="653">
            <subfield code="a">complexity theory.</subfield>
          </datafield>
          <datafield ind1=" " ind2=" " tag="653">
            <subfield code="a">P-selectivity.</subfield>
          </datafield>
          <datafield ind1=" " ind2=" " tag="653">
            <subfield code="a">closeness.</subfield>
          </datafield>
          <datafield ind1=" " ind2=" " tag="653">
            <subfield code="a">sparse sets.</subfield>
          </datafield>
          <datafield ind1=" " ind2=" " tag="653">
            <subfield code="a">lowness.</subfield>
          </datafield>
          <datafield ind1=" " ind2="0" tag="830">
            <subfield code="a">UR CSD;</subfield>
            <subfield code="v">TR499</subfield>
          </datafield>
          <datafield ind1="4" ind2="0" tag="856">
            <subfield code="u">http://hdl.handle.net/1953/612</subfield>
          </datafield>
        </record>
      </metadata>
    </record>