
    <record>
      <header>
        <identifier>oai:urresearch3.rochester.edu:464</identifier>
        <datestamp>2011-03-01T17:28:35Z</datestamp>
        <setSpec>3:98</setSpec>
      </header>
      <metadata>
        <record xmlns="http://www.loc.gov/MARC21/slim">
          <leader>00000 am a2200000Ka 4500</leader>
          <controlfield tag="006">m        d        </controlfield>
          <controlfield tag="007">cr||||||||||||</controlfield>
          <controlfield tag="008">      s1994            s           eng  </controlfield>
          <datafield ind1="1" ind2=" " tag="100">
            <subfield code="a">Vereshchagin, Nikolai K..</subfield>
            <subfield code="4">aut</subfield>
          </datafield>
          <datafield ind1="1" ind2="2" tag="245">
            <subfield code="a">A General Method to Construct Oracles Realizing Given Relationships between Complexity Classes</subfield>
            <subfield code="h">[electronic resource] /</subfield>
            <subfield code="c">Nikolai K. Vereshchagin.</subfield>
          </datafield>
          <datafield ind1=" " ind2=" " tag="260">
            <subfield code="b">University of Rochester. Computer Science Department., </subfield>
            <subfield code="c">1994.</subfield>
          </datafield>
          <datafield ind1="1" ind2=" " tag="490">
            <subfield code="a">UR CSD;</subfield>
            <subfield code="v">TR500</subfield>
          </datafield>
          <datafield ind1="3" ind2=" " tag="520">
            <subfield code="a">We present a method to prove oracle results of the following type. Let K_1, \ldots, K_{2n}, and L_1, \ldots, L_{2m} be complexity classes. Our method provides a general framework for constructing an oracle A such that K^A_{2i-1} \neq K^A_{2i} for i=1, \ldots, n and L^A_{2j-1} = L^A_{2j} for j=1, \ldots, m. Using that method we prove several results of this kind. The hardest of them is the existence of an oracle A such that P^A \neq NP^A, P^A = BPP^A, and both CoNP^A-sets and NP^A-sets are P^A-separable. We exhibit also two theorems that cannot be proved by that method.</subfield>
          </datafield>
          <datafield ind1=" " ind2=" " tag="540">
            <subfield code="a">This item is protected by copyright, with all rights reserved.</subfield>
          </datafield>
          <datafield ind1=" " ind2=" " tag="653">
            <subfield code="a">computational complexity.</subfield>
          </datafield>
          <datafield ind1="1" ind2=" " tag="700">
            <subfield code="a">Muchnik, Andrei A..</subfield>
            <subfield code="4">aut</subfield>
          </datafield>
          <datafield ind1=" " ind2="0" tag="830">
            <subfield code="a">UR CSD;</subfield>
            <subfield code="v">TR500</subfield>
          </datafield>
          <datafield ind1="4" ind2="0" tag="856">
            <subfield code="u">http://hdl.handle.net/1953/613</subfield>
          </datafield>
        </record>
      </metadata>
    </record>