
    <record>
      <header>
        <identifier>oai:urresearch3.rochester.edu:468</identifier>
        <datestamp>2011-03-01T17:28:35Z</datestamp>
        <setSpec>3:98</setSpec>
      </header>
      <metadata>
        <record xmlns="http://www.loc.gov/MARC21/slim">
          <leader>00000 am a2200000Ka 4500</leader>
          <controlfield tag="006">m        d        </controlfield>
          <controlfield tag="007">cr||||||||||||</controlfield>
          <controlfield tag="008">      s1994            s           eng  </controlfield>
          <datafield ind1="1" ind2=" " tag="100">
            <subfield code="a">Macarie, Ioan I..</subfield>
            <subfield code="4">aut</subfield>
          </datafield>
          <datafield ind1="1" ind2="0" tag="245">
            <subfield code="a">On the Structure of Log-Space Probabilistic Complexity Classes</subfield>
            <subfield code="h">[electronic resource] /</subfield>
            <subfield code="c">Ioan I. Macarie.</subfield>
          </datafield>
          <datafield ind1=" " ind2=" " tag="260">
            <subfield code="b">University of Rochester. Computer Science Department., </subfield>
            <subfield code="c">1994.</subfield>
          </datafield>
          <datafield ind1="1" ind2=" " tag="490">
            <subfield code="a">UR CSD;</subfield>
            <subfield code="v">TR506</subfield>
          </datafield>
          <datafield ind1="3" ind2=" " tag="520">
            <subfield code="a">We investigate hierarchical properties and log-space reductions of languages recognized by log-space probabilistic Turing machines, Arthur-Merlin games, and Games against Nature with log-space probabilistic verifiers. For each log-space complexity class, we decompose it into a hierarchy based on corresponding multihead two-way finite automata and we (eventually) prove the separation of the hierarchy levels (even over one letter alphabet); furthermore, we show log-space reductions of each log-space complexity class to low levels of its corresponding hierarchy.   We find probabilistic (and ``probabilistic+nondeterministic'') variants of Savitch's maze threading problem which are log-space complete for PL (and respectively P) and can be recognized by two-head one-way and one-way one-counter finite automata with probabilistic (probabilistic and nondeterministic) states.</subfield>
          </datafield>
          <datafield ind1=" " ind2=" " tag="540">
            <subfield code="a">This item is protected by copyright, with all rights reserved.</subfield>
          </datafield>
          <datafield ind1=" " ind2=" " tag="653">
            <subfield code="a">probabilistic computation.</subfield>
          </datafield>
          <datafield ind1=" " ind2=" " tag="653">
            <subfield code="a">Arthur-Merlin games.</subfield>
          </datafield>
          <datafield ind1=" " ind2=" " tag="653">
            <subfield code="a">multihead finite automata.</subfield>
          </datafield>
          <datafield ind1=" " ind2=" " tag="653">
            <subfield code="a">translational methods.</subfield>
          </datafield>
          <datafield ind1=" " ind2=" " tag="653">
            <subfield code="a">heads hierarchy.</subfield>
          </datafield>
          <datafield ind1=" " ind2=" " tag="653">
            <subfield code="a">maze threading problem.</subfield>
          </datafield>
          <datafield ind1=" " ind2=" " tag="653">
            <subfield code="a">games against nature.</subfield>
          </datafield>
          <datafield ind1=" " ind2="0" tag="830">
            <subfield code="a">UR CSD;</subfield>
            <subfield code="v">TR506</subfield>
          </datafield>
          <datafield ind1="4" ind2="0" tag="856">
            <subfield code="u">http://hdl.handle.net/1953/617</subfield>
          </datafield>
        </record>
      </metadata>
    </record>