
    <record>
      <header>
        <identifier>oai:urresearch3.rochester.edu:474</identifier>
        <datestamp>2011-03-01T17:28:35Z</datestamp>
        <setSpec>3:98</setSpec>
      </header>
      <metadata>
        <record xmlns="http://www.loc.gov/MARC21/slim">
          <leader>00000 am a2200000Ka 4500</leader>
          <controlfield tag="006">m        d        </controlfield>
          <controlfield tag="007">cr||||||||||||</controlfield>
          <controlfield tag="008">      s1999            s           eng  </controlfield>
          <datafield ind1="1" ind2=" " tag="100">
            <subfield code="a">Beygelzimer, A..</subfield>
            <subfield code="4">aut</subfield>
          </datafield>
          <datafield ind1="1" ind2="0" tag="245">
            <subfield code="a">One-Way Functions in Worst-Case Cryptography: Algebraic and Security Properties</subfield>
            <subfield code="h">[electronic resource] /</subfield>
            <subfield code="c">A. Beygelzimer.</subfield>
          </datafield>
          <datafield ind1=" " ind2=" " tag="260">
            <subfield code="b">University of Rochester. Computer Science Department., </subfield>
            <subfield code="c">1999.</subfield>
          </datafield>
          <datafield ind1="1" ind2=" " tag="490">
            <subfield code="a">UR CSD;</subfield>
            <subfield code="v">TR722</subfield>
          </datafield>
          <datafield ind1="3" ind2=" " tag="520">
            <subfield code="a">We survey recent developments in the study of (worst-case) one-way functions having strong algebraic and security properties. According to [Rabi and Sherman, 1993], this line of research was initiated in 1984 by Rivest and Sherman who designed two-party secret-key agreement protocols that use strongly noninvertible, total, associative one-way functions as their key building blocks. If commutativity is added as an ingredient, these protocols can be used by more than two parties, as noted by Rabi and Sherman [1993] who also developed digital signature protocols that are based on such enhanced one-way functions.   Until recently, it was an open question whether one-way functions having the algebraic and security properties that these protocols require could be created from any given one-way function. Recently, Hemaspaandra and Rothe [1999] resolved this open issue in the affirmative, by showing that one-way functions exist if and only if strong, total, commutative, associative one-way functions exist. We discuss this result, and the work of Rabi, Rivest, and Sherman, and recent work of Homan [1999] that makes progress on related issues.</subfield>
          </datafield>
          <datafield ind1=" " ind2=" " tag="540">
            <subfield code="a">This item is protected by copyright, with all rights reserved.</subfield>
          </datafield>
          <datafield ind1=" " ind2=" " tag="653">
            <subfield code="a">associativity of one-way functions.</subfield>
          </datafield>
          <datafield ind1=" " ind2=" " tag="653">
            <subfield code="a">strongly noninvertible functions.</subfield>
          </datafield>
          <datafield ind1=" " ind2=" " tag="653">
            <subfield code="a">commutativity of one-way functions.</subfield>
          </datafield>
          <datafield ind1=" " ind2=" " tag="653">
            <subfield code="a">one-way functions.</subfield>
          </datafield>
          <datafield ind1=" " ind2=" " tag="653">
            <subfield code="a">cryptography.</subfield>
          </datafield>
          <datafield ind1="1" ind2=" " tag="700">
            <subfield code="a">Hemaspaandra, Lane A..</subfield>
            <subfield code="4">aut</subfield>
          </datafield>
          <datafield ind1="1" ind2=" " tag="700">
            <subfield code="a">Homan, Christopher M.,</subfield>
            <subfield code="d">1969-</subfield>
            <subfield code="4">aut</subfield>
          </datafield>
          <datafield ind1="1" ind2=" " tag="700">
            <subfield code="a">Rothe, J&#xF6;rg.</subfield>
            <subfield code="4">aut</subfield>
          </datafield>
          <datafield ind1=" " ind2="0" tag="830">
            <subfield code="a">UR CSD;</subfield>
            <subfield code="v">TR722</subfield>
          </datafield>
          <datafield ind1="4" ind2="0" tag="856">
            <subfield code="u">http://hdl.handle.net/1953/623</subfield>
          </datafield>
        </record>
      </metadata>
    </record>