
    <record>
      <header>
        <identifier>oai:urresearch3.rochester.edu:476</identifier>
        <datestamp>2011-03-01T17:28:35Z</datestamp>
        <setSpec>3:98</setSpec>
      </header>
      <metadata>
        <record xmlns="http://www.loc.gov/MARC21/slim">
          <leader>00000 am a2200000Ka 4500</leader>
          <controlfield tag="006">m        d        </controlfield>
          <controlfield tag="007">cr||||||||||||</controlfield>
          <controlfield tag="008">      s1998            s           eng  </controlfield>
          <datafield ind1="1" ind2=" " tag="100">
            <subfield code="a">Seiferas, Joel I..</subfield>
            <subfield code="4">aut</subfield>
          </datafield>
          <datafield ind1="1" ind2="0" tag="245">
            <subfield code="a">Amplification of Slight Probabilistic Advantage at Absolutely No Cost in Space</subfield>
            <subfield code="h">[electronic resource] /</subfield>
            <subfield code="c">Joel I. Seiferas.</subfield>
          </datafield>
          <datafield ind1=" " ind2=" " tag="260">
            <subfield code="b">University of Rochester. Computer Science Department., </subfield>
            <subfield code="c">1998.</subfield>
          </datafield>
          <datafield ind1="1" ind2=" " tag="490">
            <subfield code="a">UR CSD;</subfield>
            <subfield code="v">TR700</subfield>
          </datafield>
          <datafield ind1="3" ind2=" " tag="520">
            <subfield code="a">Nondeterministic Turing acceptors can be viewed as probabilistic acceptors with errors that are one-sided but not significantly bounded. In his seminal work on resource-bounded probabilistic Turing machines, Gill showed how to transform such a machine to one that does have a good error bound, at only modest cost in space usage. We describe a simpler transformation that incurs absolutely no cost in space usage.   If we change each probabilistic transition to a nondeterministic one, then we get a space-preserving transformation in the opposite direction as well, assuming the definitions are right. Thus the complexity classes are exactly the same, and we have the same space-bound hierarchy for bounded-one-sided-error probabilistic computation that we have for nondeterministic computation. Similarly, we have the same number-of-heads complexity classes and hierarchy for bounded-one-sided-error probabilistic multihead finite automata as for nondeterministic ones.</subfield>
          </datafield>
          <datafield ind1=" " ind2=" " tag="540">
            <subfield code="a">This item is protected by copyright, with all rights reserved.</subfield>
          </datafield>
          <datafield ind1=" " ind2=" " tag="653">
            <subfield code="a">space complexity.</subfield>
          </datafield>
          <datafield ind1=" " ind2=" " tag="653">
            <subfield code="a">nodeterministic Turing machine.</subfield>
          </datafield>
          <datafield ind1=" " ind2=" " tag="653">
            <subfield code="a">multihead finite automaton.</subfield>
          </datafield>
          <datafield ind1=" " ind2=" " tag="653">
            <subfield code="a">computational complexity.</subfield>
          </datafield>
          <datafield ind1=" " ind2=" " tag="653">
            <subfield code="a">probabilistic Turing machine.</subfield>
          </datafield>
          <datafield ind1="1" ind2=" " tag="700">
            <subfield code="a">Macarie, Ioan I..</subfield>
            <subfield code="4">aut</subfield>
          </datafield>
          <datafield ind1=" " ind2="0" tag="830">
            <subfield code="a">UR CSD;</subfield>
            <subfield code="v">TR700</subfield>
          </datafield>
          <datafield ind1="4" ind2="0" tag="856">
            <subfield code="u">http://hdl.handle.net/1953/625</subfield>
          </datafield>
        </record>
      </metadata>
    </record>