
    <record>
      <header>
        <identifier>oai:urresearch3.rochester.edu:480</identifier>
        <datestamp>2011-03-01T17:28:35Z</datestamp>
        <setSpec>3:98</setSpec>
      </header>
      <metadata>
        <record xmlns="http://www.loc.gov/MARC21/slim">
          <leader>00000 am a2200000Ka 4500</leader>
          <controlfield tag="006">m        d        </controlfield>
          <controlfield tag="007">cr||||||||||||</controlfield>
          <controlfield tag="008">      s1994            s           eng  </controlfield>
          <datafield ind1="1" ind2=" " tag="100">
            <subfield code="a">Ogihara, Mitsunori,</subfield>
            <subfield code="d">1963-</subfield>
            <subfield code="4">aut</subfield>
          </datafield>
          <datafield ind1="1" ind2="0" tag="245">
            <subfield code="a">Polynomial-Time Membership Comparable Sets</subfield>
            <subfield code="h">[electronic resource] /</subfield>
            <subfield code="c">Mitsunori  Ogihara.</subfield>
          </datafield>
          <datafield ind1=" " ind2=" " tag="260">
            <subfield code="b">University of Rochester. Computer Science Department., </subfield>
            <subfield code="c">1994.</subfield>
          </datafield>
          <datafield ind1="1" ind2=" " tag="490">
            <subfield code="a">UR CSD;</subfield>
            <subfield code="v">TR552</subfield>
          </datafield>
          <datafield ind1="3" ind2=" " tag="520">
            <subfield code="a">This paper studies a notion called polynomial-time membership comparable sets. For a function g, a set A is polynomial-time g-membership comparable if there is a polynomial-time computable function f such that for any x_1, \cdots, x_m with m \geq g(\max{|x_1|, \cdots, |x_m|}), outputs b \in \{0,1\}^m such that (A(x_1), \cdots, A(x_m)) \neq b. The following is a list of major results proven in the paper. (1) Polynomial-time membership comparable sets construct a proper hierarchy according to the bound on the number of arguments. (2) Polynomial-time membership comparable sets have polynomial-size circuits. (3) For any function f and for any constant c&gt;0, if a set is \leq^p_{f(n)-tt}-reducible to a P-selective set, then the set is polynomial-time (1+c) log f(n)-membership comparable. (4) For any {\cal C} chosen from {PSPACE, UP, FewP, NP, C_=P, PP, MOD_2P, MOD_3P, \cdots}, if {\cal C} \subseteq P-mc(c log n) for some c&lt;1, then {\cal C} = P. As a corollary of the last two results, it is shown that if there is some constant c&lt;1 such that all of {\cal C} are polynomial-time n^c-truth-table reducible to some P-selective sets, then {\cal C} = P, which resolves a question that has been left open for a long time.</subfield>
          </datafield>
          <datafield ind1=" " ind2=" " tag="540">
            <subfield code="a">This item is protected by copyright, with all rights reserved.</subfield>
          </datafield>
          <datafield ind1=" " ind2=" " tag="653">
            <subfield code="a">semi-recursive sets.</subfield>
          </datafield>
          <datafield ind1=" " ind2=" " tag="653">
            <subfield code="a">polynomial-size circuits.</subfield>
          </datafield>
          <datafield ind1=" " ind2=" " tag="653">
            <subfield code="a">P-selective sets.</subfield>
          </datafield>
          <datafield ind1=" " ind2=" " tag="653">
            <subfield code="a">polynomial-time reducibilities.</subfield>
          </datafield>
          <datafield ind1=" " ind2="0" tag="830">
            <subfield code="a">UR CSD;</subfield>
            <subfield code="v">TR552</subfield>
          </datafield>
          <datafield ind1="4" ind2="0" tag="856">
            <subfield code="u">http://hdl.handle.net/1953/629</subfield>
          </datafield>
        </record>
      </metadata>
    </record>