
    <record>
      <header>
        <identifier>oai:urresearch3.rochester.edu:482</identifier>
        <datestamp>2011-03-01T17:28:35Z</datestamp>
        <setSpec>3:98</setSpec>
      </header>
      <metadata>
        <record xmlns="http://www.loc.gov/MARC21/slim">
          <leader>00000 am a2200000Ka 4500</leader>
          <controlfield tag="006">m        d        </controlfield>
          <controlfield tag="007">cr||||||||||||</controlfield>
          <controlfield tag="008">      s1994            s           eng  </controlfield>
          <datafield ind1="1" ind2=" " tag="100">
            <subfield code="a">Ogihara, Mitsunori,</subfield>
            <subfield code="d">1963-</subfield>
            <subfield code="4">aut</subfield>
          </datafield>
          <datafield ind1="1" ind2="0" tag="245">
            <subfield code="a">Properties of Probabilistic Pushdown Automata</subfield>
            <subfield code="h">[electronic resource] /</subfield>
            <subfield code="c">Mitsunori  Ogihara.</subfield>
          </datafield>
          <datafield ind1=" " ind2=" " tag="260">
            <subfield code="b">University of Rochester. Computer Science Department., </subfield>
            <subfield code="c">1994.</subfield>
          </datafield>
          <datafield ind1="1" ind2=" " tag="490">
            <subfield code="a">UR CSD;</subfield>
            <subfield code="v">TR554</subfield>
          </datafield>
          <datafield ind1="3" ind2=" " tag="520">
            <subfield code="a">Properties of probabilistic as well as ``probabilistic plus nondeterministic'' pushdown automata and auxiliary pushdown automata are studied. These models are analogous to their counterparts with nondeterministic and alternating states. Complete characterizations in terms of well-known complexity classes are given for the classes of languages recognized by polynomial time-bounded, logarithmic space-bounded auxiliary pushdown automata with probabilistic states and with ``probabilistic plus nondeterministic'' states. Also, complexity lower bounds are given for the classes of languages recognized by these automata with unlimited running time. It follows that, by fixing an appropriate mode of computation, the difference between classes of languages such as P and PSPACE, NL and SAC^1, PL and Diff_&gt;(#SAC^1) is characterized as the difference between the number of stack symbols; that is, whether the stack alphabet contains one versus two distinct symbols.</subfield>
          </datafield>
          <datafield ind1=" " ind2=" " tag="540">
            <subfield code="a">This item is protected by copyright, with all rights reserved.</subfield>
          </datafield>
          <datafield ind1=" " ind2=" " tag="653">
            <subfield code="a">Arthur-Merlin games.</subfield>
          </datafield>
          <datafield ind1=" " ind2=" " tag="653">
            <subfield code="a">context-free languages.</subfield>
          </datafield>
          <datafield ind1=" " ind2=" " tag="653">
            <subfield code="a">semi-unbounded circuits.</subfield>
          </datafield>
          <datafield ind1=" " ind2=" " tag="653">
            <subfield code="a">exponential-time.</subfield>
          </datafield>
          <datafield ind1=" " ind2=" " tag="653">
            <subfield code="a">auxiliary pushdown automata.</subfield>
          </datafield>
          <datafield ind1=" " ind2=" " tag="653">
            <subfield code="a">games against nature.</subfield>
          </datafield>
          <datafield ind1="1" ind2=" " tag="700">
            <subfield code="a">Macarie, Ioan I..</subfield>
            <subfield code="4">aut</subfield>
          </datafield>
          <datafield ind1=" " ind2="0" tag="830">
            <subfield code="a">UR CSD;</subfield>
            <subfield code="v">TR554</subfield>
          </datafield>
          <datafield ind1="4" ind2="0" tag="856">
            <subfield code="u">http://hdl.handle.net/1953/631</subfield>
          </datafield>
        </record>
      </metadata>
    </record>