
    <record>
      <header>
        <identifier>oai:urresearch3.rochester.edu:486</identifier>
        <datestamp>2011-03-01T17:28:35Z</datestamp>
        <setSpec>3:98</setSpec>
      </header>
      <metadata>
        <record xmlns="http://www.loc.gov/MARC21/slim">
          <leader>00000 am a2200000Ka 4500</leader>
          <controlfield tag="006">m        d        </controlfield>
          <controlfield tag="007">cr||||||||||||</controlfield>
          <controlfield tag="008">      s1995            s           eng  </controlfield>
          <datafield ind1="1" ind2=" " tag="100">
            <subfield code="a">Zimand, Marius.</subfield>
            <subfield code="4">aut</subfield>
          </datafield>
          <datafield ind1="1" ind2="0" tag="245">
            <subfield code="a">Weighted NP Optimization Problems: Logical Definability and Approximation Properties</subfield>
            <subfield code="h">[electronic resource] /</subfield>
            <subfield code="c">Marius Zimand.</subfield>
          </datafield>
          <datafield ind1=" " ind2=" " tag="260">
            <subfield code="b">University of Rochester. Computer Science Department., </subfield>
            <subfield code="c">1995.</subfield>
          </datafield>
          <datafield ind1="1" ind2=" " tag="490">
            <subfield code="a">UR CSD;</subfield>
            <subfield code="v">TR516</subfield>
          </datafield>
          <datafield ind1="3" ind2=" " tag="520">
            <subfield code="a">An optimization problem A is defined by: (1) a set {\cal I}_A of input instances; we assume that this set can be recognized in polynomial time, (2) for each I \in {\cal I}_A, a set {\cal F}_A(I) of feasible solutions associated to each input instance; we assume that each element in {\cal F}_A(I) has size polynomially bounded in the size of I, and (3) an objective function f_A which maps each feasible solution to a real number; we assume that this function is computable in polynomial time. Problem A is an NP optimization problem if the associated decision problem (e.g., given I \in {\cal I}_A and a real value k, does there exists J \in {\cal F}_A(I) with f_A(J) \geq k?) is in NP. Extending a well known property of NP optimization problems in which the value of the optimum is guaranteed to be polynomially bounded in the length of the input, we observe that all NP optimization problems admit a logical characterization. NP optimization problems in which the optimum is not polynomially bounded in the length of the input are called weighted NP optimization problems since they usually arise when the input includes numerical weights like costs, distances, penalties or bonuses, etc. The logical representation of such a problem also uses weights attached to tuples over the domain of the finite structure that encodes the input. We show that any NP optimization problem can be stated as a problem in which the constraint conditions can be expressed by a \Pi_2 first-order formula and this is the best possible result. We further analyze the weighted analogue of all syntactically defined classes of optimization problems that are known to have good approximation properties in the case of NP optimization problems with polynomially bounded optimum value: MAX~NP, MAX~SNP, MAX~SNP(\pi), MIN~F^+\Pi_1 and MIN~F^+\Pi_2(1). The focus is on the difference between the case when only positive weights are allowed versus the case when both positive and negative weights are legal. All the classes above continue to have the same approximation properties in the case of positive weights. More precisely, the first four classes are approximable in polynomial time within a constant factor and the fifth class is approximable within a logarithmic factor. Using reductions from multiprover interactive systems, we show that if NP \not \subseteq DTIME[2^{\log^{O(1)} n}], the approximation properties of the above classes devaluate considerably when negative weights are also allowed (with the exception of MIN~F^+\Pi_1, where only a weaker deterioration could be proven). It follows that the general weighted versions of MAX 2SAT, SET COVER, PRIORITY ORDERING (given a finite set X and real-valued weights w(\cdot, \cdot) to all pairs of distinct elements in X find the maximum over all permutations \pi of X of \sum_{\{(x,y)~:~ x,y \in X, \pi(x) &lt; \pi(y)\}} w(x,y)) and of some other closely related natural problems are not approximable in quasipolynomial time within a factor of 2^{\log^\mu n} for some \mu &gt; 0 (depending on the problem), unless NP \subseteq DTIME[2^{\log^{O(1)} n}].</subfield>
          </datafield>
          <datafield ind1=" " ind2=" " tag="540">
            <subfield code="a">This item is protected by copyright, with all rights reserved.</subfield>
          </datafield>
          <datafield ind1=" " ind2=" " tag="653">
            <subfield code="a">approximation algorithms.</subfield>
          </datafield>
          <datafield ind1=" " ind2=" " tag="653">
            <subfield code="a">MAXSNP.</subfield>
          </datafield>
          <datafield ind1=" " ind2=" " tag="653">
            <subfield code="a">multiprover interactive proof systems.</subfield>
          </datafield>
          <datafield ind1=" " ind2=" " tag="653">
            <subfield code="a">NP optimization problems.</subfield>
          </datafield>
          <datafield ind1=" " ind2=" " tag="653">
            <subfield code="a">logical definability.</subfield>
          </datafield>
          <datafield ind1=" " ind2="0" tag="830">
            <subfield code="a">UR CSD;</subfield>
            <subfield code="v">TR516</subfield>
          </datafield>
          <datafield ind1="4" ind2="0" tag="856">
            <subfield code="u">http://hdl.handle.net/1953/635</subfield>
          </datafield>
        </record>
      </metadata>
    </record>