
    <record>
      <header>
        <identifier>oai:urresearch3.rochester.edu:490</identifier>
        <datestamp>2011-03-01T17:28:35Z</datestamp>
        <setSpec>3:98</setSpec>
      </header>
      <metadata>
        <record xmlns="http://www.loc.gov/MARC21/slim">
          <leader>00000 am a2200000Ka 4500</leader>
          <controlfield tag="006">m        d        </controlfield>
          <controlfield tag="007">cr||||||||||||</controlfield>
          <controlfield tag="008">      s1995            s           eng  </controlfield>
          <datafield ind1="1" ind2=" " tag="100">
            <subfield code="a">Ogihara, Mitsunori,</subfield>
            <subfield code="d">1963-</subfield>
            <subfield code="4">aut</subfield>
          </datafield>
          <datafield ind1="1" ind2="0" tag="245">
            <subfield code="a">Sparse Hard Sets for P Yield Space-Efficient Algorithms</subfield>
            <subfield code="h">[electronic resource] /</subfield>
            <subfield code="c">Mitsunori  Ogihara.</subfield>
          </datafield>
          <datafield ind1=" " ind2=" " tag="260">
            <subfield code="b">University of Rochester. Computer Science Department., </subfield>
            <subfield code="c">1995.</subfield>
          </datafield>
          <datafield ind1="1" ind2=" " tag="490">
            <subfield code="a">UR CSD;</subfield>
            <subfield code="v">TR569</subfield>
          </datafield>
          <datafield ind1="3" ind2=" " tag="520">
            <subfield code="a">In 1978, Hartmanis conjectured that there exist no sparse complete sets for P under logspace many-one reductions. In this paper, in support of the conjecture, it is shown that if P has sparse hard sets under logspace many-one reductions, then P \subseteq DSPACE[log^2 n]. The result is derived from a more general statement that if P has 2^{polylog} sparse hard sets under poly-logarithmic space-computable many-one reductions, then P \subseteq DSPACE[polylog].</subfield>
          </datafield>
          <datafield ind1=" " ind2=" " tag="540">
            <subfield code="a">This item is protected by copyright, with all rights reserved.</subfield>
          </datafield>
          <datafield ind1=" " ind2=" " tag="653">
            <subfield code="a">P-complete sets.</subfield>
          </datafield>
          <datafield ind1=" " ind2=" " tag="653">
            <subfield code="a">the sparse hard set problems.</subfield>
          </datafield>
          <datafield ind1=" " ind2=" " tag="653">
            <subfield code="a">reducibilities.</subfield>
          </datafield>
          <datafield ind1=" " ind2="0" tag="830">
            <subfield code="a">UR CSD;</subfield>
            <subfield code="v">TR569</subfield>
          </datafield>
          <datafield ind1="4" ind2="0" tag="856">
            <subfield code="u">http://hdl.handle.net/1953/639</subfield>
          </datafield>
        </record>
      </metadata>
    </record>