
    <record>
      <header>
        <identifier>oai:urresearch3.rochester.edu:498</identifier>
        <datestamp>2011-03-01T17:28:35Z</datestamp>
        <setSpec>3:98</setSpec>
      </header>
      <metadata>
        <record xmlns="http://www.loc.gov/MARC21/slim">
          <leader>00000 am a2200000Ka 4500</leader>
          <controlfield tag="006">m        d        </controlfield>
          <controlfield tag="007">cr||||||||||||</controlfield>
          <controlfield tag="008">      s1996            s           eng  </controlfield>
          <datafield ind1="1" ind2=" " tag="100">
            <subfield code="a">Rothe, J&#xF6;rg.</subfield>
            <subfield code="4">aut</subfield>
          </datafield>
          <datafield ind1="1" ind2="0" tag="245">
            <subfield code="a">Polynomial-Time Multi-Selectivity</subfield>
            <subfield code="h">[electronic resource] /</subfield>
            <subfield code="c">J&#xF6;rg  Rothe.</subfield>
          </datafield>
          <datafield ind1=" " ind2=" " tag="260">
            <subfield code="b">University of Rochester. Computer Science Department., </subfield>
            <subfield code="c">1996.</subfield>
          </datafield>
          <datafield ind1="1" ind2=" " tag="490">
            <subfield code="a">UR CSD;</subfield>
            <subfield code="v">TR568</subfield>
          </datafield>
          <datafield ind1="3" ind2=" " tag="520">
            <subfield code="a">We introduce a generalization of SelmanUs P-selectivity that yields a more flexible notion of selectivity, called (polynomial-time) multi-selectivity, in which the selector is allowed to operate on multiple input strings. Since our introduction of this class, it has been used to prove the first known (and optimal) lower bounds for generalized selectivity-like classes in terms of EL_2, the second level of the extended low hierarchy. We study the resulting selectivity hierarchy, denoted by SH, which we prove does not collapse. In particular, we study the internal structure and the properties of SH and completely establish, in terms of incomparability and strict inclusion, the relations between our generalized selectivity classes and Ogihara's P-mc (polynomial-time membership-comparable) classes. Although SH is a strictly increasing infinite hierarchy, we show that the core results that hold for the P-selective sets and that prove them structurally simple also hold for SH. In particular, all sets in SH have small circuits; the NP sets in SH are in Low_2, the second level of the low hierarchy within NP; and SAT cannot be in SH unless P = NP. Finally, it is known that the P-selective sets are not closed under union or intersection. We provide an extended selectivity hierarchy that is based on SH and that is large enough to capture those closures of the P-selective sets, and yet, in contrast with the P-mc classes, is refined enough to distinguish them.</subfield>
          </datafield>
          <datafield ind1=" " ind2=" " tag="540">
            <subfield code="a">This item is protected by copyright, with all rights reserved.</subfield>
          </datafield>
          <datafield ind1=" " ind2=" " tag="653">
            <subfield code="a">closure properties.</subfield>
          </datafield>
          <datafield ind1=" " ind2=" " tag="653">
            <subfield code="a">computational complexity.</subfield>
          </datafield>
          <datafield ind1=" " ind2=" " tag="653">
            <subfield code="a">P-selectivity.</subfield>
          </datafield>
          <datafield ind1="1" ind2=" " tag="700">
            <subfield code="a">Hemaspaandra, Lane A..</subfield>
            <subfield code="4">aut</subfield>
          </datafield>
          <datafield ind1="1" ind2=" " tag="700">
            <subfield code="a">Jiang, Zhigen.</subfield>
            <subfield code="4">aut</subfield>
          </datafield>
          <datafield ind1="1" ind2=" " tag="700">
            <subfield code="a">Watanabe, Osamu.</subfield>
            <subfield code="4">aut</subfield>
          </datafield>
          <datafield ind1=" " ind2="0" tag="830">
            <subfield code="a">UR CSD;</subfield>
            <subfield code="v">TR568</subfield>
          </datafield>
          <datafield ind1="4" ind2="0" tag="856">
            <subfield code="u">http://hdl.handle.net/1953/647</subfield>
          </datafield>
        </record>
      </metadata>
    </record>