
    <record>
      <header>
        <identifier>oai:urresearch3.rochester.edu:500</identifier>
        <datestamp>2011-03-01T17:28:35Z</datestamp>
        <setSpec>3:98</setSpec>
      </header>
      <metadata>
        <record xmlns="http://www.loc.gov/MARC21/slim">
          <leader>00000 am a2200000Ka 4500</leader>
          <controlfield tag="006">m        d        </controlfield>
          <controlfield tag="007">cr||||||||||||</controlfield>
          <controlfield tag="008">      s1996            s           eng  </controlfield>
          <datafield ind1="1" ind2=" " tag="100">
            <subfield code="a">Zimand, Marius.</subfield>
            <subfield code="4">aut</subfield>
          </datafield>
          <datafield ind1="1" ind2="0" tag="245">
            <subfield code="a">How to Privatize Random Bits</subfield>
            <subfield code="h">[electronic resource] /</subfield>
            <subfield code="c">Marius Zimand.</subfield>
          </datafield>
          <datafield ind1=" " ind2=" " tag="260">
            <subfield code="b">University of Rochester. Computer Science Department., </subfield>
            <subfield code="c">1996.</subfield>
          </datafield>
          <datafield ind1="1" ind2=" " tag="490">
            <subfield code="a">UR CSD;</subfield>
            <subfield code="v">TR616</subfield>
          </datafield>
          <datafield ind1="3" ind2=" " tag="520">
            <subfield code="a">This paper investigates the extent to which a public source of random bits can be used to obtain private random bits that can be safely used in cryptographic protocols. We consider two cases: (a) the case in which the part privatizing random bits is computationally more powerful than the adversary, and (b) the case in which the part privatizing random bits has a small number of private random bits. The first case corresponds to randomized hard functions and the second variant corresponds to randomized pseudo-random generators. We show the existence of strong randomized hard functions and pseudo-random generators. The randomized pseudo-random generator takes as input an exponentially long random string from a public source and a polynomially long private random string and outputs an exponentially long string which looks random to any adversary circuit of exponential size. The construction is very efficient and has provable safety. As a side effect, it is shown that relative to a random oracle P/poly is not measurable in $EXP$ in the resource-bounded theoretical sense and a very strong separation between sublinear time and $AC^0$ is obtained.</subfield>
          </datafield>
          <datafield ind1=" " ind2=" " tag="540">
            <subfield code="a">This item is protected by copyright, with all rights reserved.</subfield>
          </datafield>
          <datafield ind1=" " ind2=" " tag="653">
            <subfield code="a">pseudo-random generator.</subfield>
          </datafield>
          <datafield ind1=" " ind2=" " tag="653">
            <subfield code="a">one-way function.</subfield>
          </datafield>
          <datafield ind1=" " ind2=" " tag="653">
            <subfield code="a">hard function.</subfield>
          </datafield>
          <datafield ind1=" " ind2="0" tag="830">
            <subfield code="a">UR CSD;</subfield>
            <subfield code="v">TR616</subfield>
          </datafield>
          <datafield ind1="4" ind2="0" tag="856">
            <subfield code="u">http://hdl.handle.net/1953/649</subfield>
          </datafield>
        </record>
      </metadata>
    </record>
    <resumptionToken completeListSize="14946">metadataPrefix=marc21;lastId=500;batchSize=500;deleted=false</resumptionToken>
  </ListRecords>
</OAI-PMH>
